3117 4709
284 417 288 424 ·
386 443 462 514 242
585 418 800 503 rnorx
856 415 1202 497 rranontrrn
1291 403 1319 424 ‘

384 549 1423 675 -ῃ--ῄ

382 685 422 767 &
443 704 564 782 7000·
578 683 693 764 Per
704 676 899 762 venerab
916 680 1059 763 virum
1077 682 1247 794 Magist
1270 689 1426 796 Georg

388 804 507 887 Laur
527 780 583 882 'de
616 796 838 907 Herbtpolr·
865 798 1311 902 MccchXXIX„
1352 804 1425 888 die

385 945 486 1003 atero
515 921 611 1001 lune
637 918 791 1030 quinta
818 913 956 1023 merfis
980 917 1156 1029 aprilis.
1182 922 1224 1004 in
1254 921 1404 1006 fol.a
1355 920 1404 1035 (a
1406 929 1426 1034 J

446 1036 706 1121 Breviarium
723 1036 1062 1120 ·Romanutn.·..
1099 1039 1232 1152 impr.
1266 1045 1425 1126 Romae

386 1155 789 1243 MCCCCLXXIX.
820 1152 863 1236 in
888 1158 928 1235 8.
952 1152 1023 1267 (b)

446 1280 699 1388 Jovarrntts
725 1276 904 1379 Satyrae
931 1300 1027 1358 cont
1059 1295 1331 1362 commentar
1351 1332 1363 1359 .
1380 1334 1424 1361 ..

380 1391 514 1504 impr.
541 1398 697 1477 Romae
725 1394 1127 1477 MCCCCLXXIX.
1155 1396 1196 1477 in
1225 1391 1301 1485 fol.
1329 1404 1396 1509 (c)

437 1516 512 1595 Fr.
541 1515 812 1597 Aooosrrnr
841 1510 895 1593 de
919 1511 1128 1599 Ancona
1149 1512 1222 1624 (d)
1258 1515 1428 1599 summa

385 1628 684 1714 ecclesiasticae
733 1625 953 1734 potestatis
988 1656 1037 1713 ex
1078 1633 1269 1717 editione
1305 1634 1428 1719 Pauli

380 1745 517 1834 Ulmii
544 1749 609 1862 (e)
641 1773 738 1833 cunr
780 1743 870 1853 ejus
906 1731 1173 1853 praefatione
1214 1752 1269 1835 ad
1308 1754 1426 1838 Patr.

381 1864 651 1951 Ambrosium
670 1865 727 1948 de
752 1868 868 1971 Cora
883 1864 1127 1951 Romanum
1149 1866 1341 1954 Priorem
1369 1898 1420 1953 ex

382 1984 532 2067 ordine
547 1981 884 2094 S.Augustini...
903 1979 1095 2095 lmprffa
1110 1989 1264 2086 Romae
1285 1988 1335 2066 in
1354 1985 1425 2072 do·

380 2128 446 2184 mo
463 2097 615 2185 nobilis
631 2103 734 2199 &oiri
756 2099 969 2214 Francisci
991 2098 1042 2181 de
1061 2103 1288 2213 Cinquinis
1311 2106 1424 2217 aprtd

380 2218 653 2302 ..·Mariam
680 2218 731 2301 de
761 2218 911 2326 Populo
943 2243 1012 2298 an.
1046 2225 1168 2305 Dam
1195 2223 1425 2310 MCCCC-

384 2339 582 2425 LXXIX
605 2335 677 2503 die
706 2335 809 2498 XX.
837 2332 1099 2420 decembris.
1131 2340 1176 2427 in
1204 2369 1246 2443 4.
1269 2341 1290 2453 (
1299 2338 1366 2455 f
1366 2460 1423 2547 sd

1278 2459 1360 2568 Ejo

432 2639 483 2726 (a)
509 2639 616 2704 Morte
638 2682 650 2714 ,
678 2656 733 2704 aut
752 2638 892 2704 absentia
908 2637 1108 2702 ARNOLDI
1123 2636 1383 2711 PANNARTZ,
1405 2660 1424 2699 a

386 2756 455 2822 quo
469 2733 672 2815 anno't476.
686 2737 807 2800 Tomos
822 2737 848 2801 Ι.
861 2731 1024 2822 impressus
1044 2739 1173 2811 fuerat,
1199 2734 1423 2799 GEORGIUS

384 2831 530 2900 LAVER
556 2857 636 2923 opus
673 2831 909 2923 inconipietom
935 2834 1121 2899 terminavit
1143 2855 1183 2899 ex
1209 2834 1325 2898 eodem
1350 2831 1425 2897 cha·

385 2934 502 2999 raiiere
524 2979 533 2999 .

423 3033 484 3123 (b)
509 3033 558 3097 Ex
591 3028 796 3098 FABRICIO
828 3033 976 3099 Bibliotb.
1014 3036 1086 3099 racd.
1123 3032 1258 3097 Latinit.
1289 3029 1376 3099 Tom-
1396 3032 1422 3096 1.

382 3136 452 3217 ro
484 3152 562 3209 arr·

380 3289 383 3294 .
435 3228 481 3315 (r)
506 3229 557 3293 lta
586 3227 832 3293 MAITTAIRE
867 3228 949 3295 Tam.
973 3232 998 3293 1.
1017 3244 1091 3317 pag.
1120 3250 1201 3310 403.
1318 3184 1320 3187 Ι

297 3323 299 3332 ’
434 3328 483 3416 (d)
498 3320 768 3392 'AUGUSTINUS
801 3323 1042 3391 TRIUMPHUS
1077 3347 1117 3391 ex
1153 3330 1284 3391 Ancona
1316 3325 1424 3389 ordin.

390 3430 422 3489 S.
439 3420 604 3511 Augustini
628 3425 724 3491 variis
750 3423 929 3489 cumulatus
943 3423 1116 3491 honoribus
1138 3427 1177 3489 ab
1200 3421 1368 3511 utriusque
1380 3422 1425 3487 si·

386 3522 480 3586 ciliae
509 3521 652 3612 Regibus
674 3522 759 3587 obiit
780 3542 863 3588 anno
893 3532 995 3606 1328.
1023 3523 1141 3592 aetatis
1167 3522 1239 3587 snae
1266 3530 1324 3601 85.
1393 3582 1395 3586 .

439 3620 482 3705 (e)
504 3620 686 3685 PAULLUS
700 3618 875 3695 Uirrius,
896 3622 947 3688 vel
960 3619 1153 3686 CULMEUS
1167 3641 1207 3684 ex
1223 3620 1299 3683 eod.
1309 3624 1341 3685 S.
1356 3621 1423 3683 Au-

388 3715 501 3810 guliini
524 3719 637 3783 ordine
660 3718 745 3782 obiit
773 3719 950 3785 Cremonae
971 3738 1052 3783 anno
1081 3727 1185 3793 1484.

438 3811 515 3906 (s)
526 3815 563 3882 ln
584 3817 783 3905 praefatione
797 3819 998 3886 recensentur
1018 3817 1108 3892 vita,
1129 3818 1276 3903 &opera
1292 3815 1427 3975 ΑΗἯ-

510 3939 513 3946 ⁴
728 3955 730 3959 ⁴
799 3949 801 3953 ’
1347 3918 1369 3976 8

157 4071 465 4323 ἢ.
