3117 4709
402 413 512 490 XV.
565 405 998 494 SAEC'ULI'
1111 435 1183 524 ‘43

152 545 1180 596 —

211 677 350 757 Lucu
387 673 571 758 Aruteu
609 669 894 753 Madaurenfis
925 695 1058 779 opera
1081 670 1184 754 itero

147 787 354 873 Alcinous
391 787 447 873 de
484 788 677 875 dodlrina
704 786 938 887 Platonis,
974 789 1186 894 iuterpre-

144 931 193 996 te
217 910 359 993 Petro.
374 906 508 992 Balbo
543 906 693 989 Pisano
722 934 803 990 uua
832 933 924 992 cum
956 901 1186 1015 praefatio·

142 1052 197 1112 ne
228 1026 324 1142 joh.
343 1030 538 1112 Andreae
567 1021 790 1109 Aletiensrs
821 1021 1184 1134 Episcopi.Anno

128 1145 299 1259 statutis
316 1145 673 1230 MCCCCLXIX.
692 1144 820 1228 Paulo
842 1146 989 1232 Veneto
1003 1164 1185 1250 regnan.
1201 1157 1206 1170 ¹

140 1282 186 1347 tc
202 1262 418 1381 secundo,
446 1264 569 1345 Anno
583 1261 671 1358 ejus
683 1263 861 1374 quinto,
892 1259 963 1343 die
991 1286 1089 1344 vcro
1115 1256 1184 1342 ul-

139 1385 255 1466 tima
282 1379 422 1492 mensts
451 1379 710 1465 februarii.
738 1384 866 1465 Rome
890 1382 938 1463 in
966 1388 1093 1463 Domo
1110 1381 1184 1461 Pe·

141 1503 207 1586 tri
237 1501 289 1585 de
322 1501 543 1585 Maximo.
578 1500 620 1580 in
647 1498 722 1584 fol.
756 1501 773 1608 (
808 1502 859 1613 ).

202 1623 332 1706 Autu
374 1625 528 1705 Gestat
563 1621 719 1703 Nodtes
745 1619 918 1703 Atticae
952 1643 1035 1699 una
1080 1637 1180 1702 cum

142 1735 411 1852 praefatione
426 1742 519 1849 Joh·
535 1735 732 1818 Andreae
750 1734 805 1817 ad
833 1735 1004 1820 Paulum
1039 1734 1120 1815 11..
1138 1786 1179 1813 ..

128 1884 249 1966 ‘anno
286 1852 442 1966 Christi
463 1855 819 1941 MCCCCLXIX.
847 1851 977 1936 Paulo
993 1873 1178 1958 regnan-

139 1996 183 2060 te
222 1979 319 2074 tt,
351 1999 458 2078 artato
488 1977 573 2075 ejus
606 1974 690 2068 V.,
719 1970 789 2051 die
818 1997 916 2055 vero
944 1973 1034 2051 Xl.¹
1062 1990 1179 2046 men·
1313 2067 1317 2074 ¹

123 2095 186 2212 fis
217 2093 382 2205 Aprilis
417 2093 465 2173 in
499 2100 628 2176 Dama
660 2089 785 2214 Petri
808 2086 859 2172 de
887 2088 1106 2173 Maximo.
1132 2079 1177 2166 in

139 2208 334 2325 foto·
945 2366 947 2370 Ι
1023 2323 1176 2433 W·

137 2610 281 2674 mediate
303 2608 419 2696 absque
445 2611 639 2694 praefatione
651 2655 663 2686 ,
689 2611 724 2676 ἃ
743 2612 843 2675 titulo
867 2609 994 2694 incipit.
1020 2603 1132 2672 Exstat
1142 2607 1177 2674 in

136 2705 341 2773 Bibliotheca
365 2708 516 2796 Angelius
540 2707 831 2796 Augustinensrunt.

190 2807 241 2892 (a)
265 2806 369 2870 Prima
394 2803 439 2870 est
464 2805 609 2871 rariffima
636 2804 710 2870 haec
734 2807 839 2871 editio
864 2802 1019 2872 exlibris
1039 2803 1175 2868 aCON·

139 2903 293 2978 RADO,
322 2904 355 2967 &
365 2903 582 2968 ARNOLDO
604 2904 775 2990 imprell‘rs,
802 2904 854 2968 eui
867 2901 1086 2974 lOllANNES
1102 2903 1175 2964 AN·

139 3004 284 3070 DREAS
306 3002 483 3088 Episcopus
499 3000 668 3066 Alerienfis
689 3002 918 3086 praefationem
936 2999 1097 3064 addiderit
1114 3042 1125 3070 ,
1142 2998 1174 3062 in

139 3125 204 3190 qua
240 3114 332 3164 totus
354 3098 398 3164 est
423 3101 458 3163 in
482 3099 630 3163 laudibus
653 3100 844 3163 celebrando
854 3095 1176 3163 carassessnuto·

137 3203 199 3265 NE
225 3247 235 3267 .
262 3198 343 3262 Hinc
373 3218 504 3263 erronea
538 3198 661 3261 occasio
703 3197 764 3262 luit
803 3195 997 3261 DEBURIO
1027 3193 1175 3278 Bibliogr.

137 3301 229 3367 infir.
261 3316 349 3362 num.
365 3307 470 3379 3583.
486 3294 558 3359 huic
583 3296 746 3360 cardinali
768 3294 964 3360 adscribendi
985 3289 1060 3355 hanc
1088 3309 1174 3375 prae·

137 3396 319 3465 lationem.
344 3395 497 3463 Refertur
519 3406 627 3457 autent
641 3394 766 3482 integra
788 3394 841 3457 illa
863 3390 1019 3477 praefatio
1040 3411 1058 3452 a
1079 3388 1174 3450 Card.

139 3492 344 3587 QllRlNIO
359 3499 393 3561 in
408 3495 575 3581 Appeadltt
588 3497 626 3558 ad
640 3496 737 3557 vitum
758 3490 908 3555 PAULLI
919 3483 1079 3552 ll.Exstat
1095 3504 1173 3552 vero

138 3592 200 3657 hoc
225 3590 356 3678 Apuleii
384 3614 465 3680 opus
493 3591 526 3654 in
547 3588 700 3656 Biblioth.
725 3589 877 3652 Vaticana
896 3608 984 3650 num.
998 3591 1105 3666 9965.

194 3696 241 3777 (o)
267 3690 491 3756 Praemittitur
517 3689 572 3752 illa
598 3687 719 3752 curiosa
732 3731 744 3761 ,
770 3685 822 3751 sed
849 3684 1029 3771 ampliffima
1051 3681 1173 3770 praefa-

92 3825 96 3831 ·
140 3791 192 3856 tio
206 3791 245 3858 V.
258 3787 435 3864 loliorum,
461 3811 556 3876 quatu
579 3788 735 3877 integram
757 3784 871 3852 rendit
888 3780 1067 3850 CARDIN.
1083 3777 1175 3940 Ἧ-
