3117 4709
261 385 309 464 μ
427 365 488 478 or
518 363 880 441 rrnocnnrrnn
910 371 1128 456 nonant
1207 313 1214 340 ²

261 495 1281 582 Μ

261 623 479 730 ederent,
515 628 663 716 saltem
704 629 817 740 quod
865 629 961 712 anni
1004 651 1106 713 nota
1156 630 1285 720 fuerit

262 748 580 859 confignatum.
616 752 767 859 Neque
793 748 904 832 enim
929 745 1024 832 nrihi
1050 738 1171 833 facile
1188 776 1286 861 per

260 868 416 953 suadeo
448 841 637 949 Ulricum
667 866 763 948 Han
798 866 850 949 ab
878 892 1007 999 opere
1044 866 1286 954 Cardinalit

257 988 309 1072 de
327 988 651 1069 Turrrcrrmata
681 981 821 1067 statim
851 985 951 1067 artis
977 982 1108 1068 suae
1096 986 1283 1083 initium,

262 1111 388 1213 atque
405 1100 740 1211 experimentum
758 1095 919 1199 secisse,
954 1127 1086 1211 neque
1112 1100 1286 1190 alterius

228 1246 231 1252 ’
259 1219 452 1332 opusculi
478 1240 602 1304 antea
639 1216 869 1328 periculum
886 1213 1044 1316 secisse,
1072 1219 1288 1331 neglecta,

225 1338 227 1343 ’
261 1339 308 1426 u't
326 1338 462 1423 facere
492 1332 686 1435 solebat,
720 1337 818 1421 anni
847 1354 968 1425 nota.
994 1337 1285 1424 Conveniebat

258 1459 401 1555 enim,
433 1473 476 1537 ut
497 1452 641 1537 suant
630 1480 669 1539 ιιι
698 1456 773 1539 hac
798 1473 889 1541 arte
910 1456 1137 1565 peritiam,
1163 1482 1284 1565 prae·

256 1577 326 1661 via
360 1572 497 1683 operis
528 1570 703 1676 alicujus
733 1570 921 1658 editione
947 1571 1140 1658 testatam
1170 1570 1281 1659 face·

179 1753 183 1761 ·
258 1712 324 1777 tet
355 1684 603 1787 Cardinali,
634 1708 681 1774 ut
705 1686 777 1799 ipsr
811 1674 920 1775 fatto
950 1690 1281 1803 comprobaret,

257 1836 342 1894 non
369 1832 589 1918 perperam
631 1808 698 1891 sua
737 1808 874 1915 gratia
905 1806 1038 1917 ipsum
1082 1802 1281 1892 donasse.
1313 1870 1315 1874 ι

256 1923 506 2038 Nequeest,
541 1924 654 2038 quod
682 1924 918 2032 objiciatur
929 1921 1167 2010 cardinalis
1193 1952 1283 2011 me·

134 2047 145 2060 ⁴
209 2104 213 2114 -
252 2042 534 2131 ditationes
522 2070 609 2152 jam
655 2038 901 2151 opusculum
947 2041 1026 2127 elle
1068 2043 1182 2129 mole
1216 2042 1287 2127 sua

257 2156 384 2249 valde
414 2161 644 2268 exiguum.
679 2158 797 2243 Mose
829 2162 928 2257 sua,
963 2177 1009 2244 ut
1038 2160 1284 2246 verunt-di·

249 2304 430 2376 eamus,
462 2277 661 2386 exiguum
682 2277 774 2386 est3
809 2274 877 2361 sed
904 2276 1153 2384 opusculum
1171 2276 1282 2363 illud

159 2483 161 2487 Α
251 2395 444 2528 plurimis
484 2396 652 2480 austum
693 2417 783 2479 erat
825 2393 968 2506 figuris
998 2392 1020 2508 (
1038 2422 1156 2529 opus
1196 2422 1284 2481 non

251 2511 393 2624 exigui
419 2507 600 2630 laboris,
633 2515 902 2618 &temporis
930 2540 1007 2619 pro
1035 2514 1082 2597 iis
1112 2530 1282 2622 tempo·

256 2628 405 2743 tib'us)
426 2625 565 2740 atque
594 2626 796 2741 peculiari
814 2630 976 2715 editum
1004 2634 1278 2732 charactere,
1336 2685 1339 2691 ·

249 2776 380 2862 ,quem
408 2772 485 2857 pro
510 2750 588 2860 huc
619 2743 708 2833 solo
735 2774 861 2857 opere
894 2772 1141 2855 paraverat,
1176 2752 1247 2833 dt
1236 2772 1279 2833 m

166 2944 167 2947 a
260 2865 413 2951 nullius
434 2866 571 2972 operis
588 2865 782 2952 editione
799 2865 943 2976 postea
968 2866 1176 2952 adbibitus
1199 2869 1279 2966 est,

252 2981 342 3069 sed
356 3010 431 3107 pro
458 2981 660 3114 repetitis
632 2981 863 3093 rejusdem
897 2982 1086 3093 opusculi
1123 2985 1280 3070 editio-

255 3098 409 3198 nibus'
405 3098 526 3185 unice
563 3100 829 3262 consumatus
858 3099 1020 3216 (ιο8).
1053 3101 1210 3188 Verum
1247 3099 1276 3185 sr

743 3261 767 3271 ··
1170 3247 1275 3312 con·

106 3490 109 3501 ·
215 3490 218 3495 ·
296 3475 397 3565 (108)
412 3477 574 3541 Attamen
604 3475 832 3563 quandoque
821 3494 856 3540 rn
879 3474 941 3538 suis
966 3475 1075 3562 primis
1115 3472 1273 3539 editioni·

111 3631 113 3635 .
244 3577 302 3640 bus
326 3571 397 3634 usus
418 3568 461 3635 est
482 3569 541 3633 illo
562 3569 752 3641 charactere·
754 3572 1012 3660 -llseditationunr
1044 3592 1103 3657 pro
1124 3570 1274 3655 capitali-

243 3674 327 3744 bus,
354 3681 408 3731 aut
437 3667 550 3750 primis
578 3670 720 3756 capitum
747 3661 865 3736 lineis.
892 3653 992 3766 lejtrs
1012 3670 1087 3734 dedi
1113 3668 1270 3753 specimen

246 3768 281 3836 in
306 3769 435 3906 figura
433 3763 566 3839 sectanda
584 3762 756 3838 exhibente
775 3782 929 3915 typum,
955 3780 1050 3872 quern
1064 3763 1209 3833 adhibuit
1232 3765 1274 3829 il·

1185 3862 1274 3929 ι

75 4047 213 4249 ss
