3117 4709
221 667 650 756 sanstiAuousTmi
680 662 776 748 libri
811 665 864 748 de
896 667 1088 751 Civitate
1115 667 1195 753 Dei

157 789 301 873 XXss.
330 789 415 868 Hac
451 780 663 868 Conradns
700 801 795 885 atus
838 796 930 872 (in.
963 787 1012 865 ln
1065 787 1198 872 Dama

95 945 98 950 -
159 904 286 990 Petri
339 899 390 985 da
444 897 637 988 Maxima
688 902 1098 988 MCCCCLXVIII.
1153 904 1195 986 in

159 1017 237 1110 fol·
293 1022 370 1128 d)-

224 1020 365 1227 siniti
381 1146 659 1225 Hiaaomni
686 1161 790 1248 opus
806 1135 1086 1247 Epistolarum
1107 1140 1195 1222 Το-

162 1258 221 1341 mi
249 1259 377 1342 duo.
414 1261 463 1341 ln
510 1254 593 1339 fine
625 1260 748 1339 Tomi
786 1253 956 1342 secundi
1005 1255 1192 1366 iegitur:

162 1379 288 1460 Anna
312 1372 467 1484 Christi
485 1376 804 1468 MCCCCLXV
815 1381 853 1467 11
861 1378 892 1456 Ι.
916 1372 1198 1470 intiitiaae„

155 1496 336 1607 prima,
369 1490 438 1586 dia
470 1520 565 1578 vera
596 1497 717 1582 Xill·
747 1489 888 1603 mensts
923 1490 1197 1592 Decembrls,

163 1610 375 1722 Pontifica.
393 1610 577 1695 maxima
594 1612 723 1706 Patala
749 1627 957 1720 regnante
981 1607 1199 1723 secanda,

162 1754 273 1814 anina
299 1729 384 1828 ejus
413 1734 588 1841 quinta.
622 1736 777 1815 Romae
807 1734 853 1809 in
870 1735 997 1810 Danaa
1025 1730 1200 1835 Magni·

146 1847 233 1966 fici
259 1850 353 1938 nita·
383 1848 506 1944 Patri
534 1848 583 1944 da
614 1849 835 2050 Maniliana.
864 1846 904 1925 in
939 1842 1016 1928 fol.
1046 1845 1182 2047 ().M

169 2149 1186 2181 m

161 2237 253 2302 LUM
277 2237 320 2304 11.
346 2243 593 2307 RODERICUS
615 2240 751 2304 SANCII
773 2240 837 2303 DE
858 2235 1065 2303 AREVALO
1089 2233 1200 2321 Hispa.

163 2357 225 2400 nus
247 2352 341 2402 natus
362 2361 444 2404 anno
469 2362 594 2418 1404·‚
619 2340 756 2402 Romam
784 2337 911 2403 veniens
941 2334 997 2398 sub
1034 2332 1202 2398 PAULLO

161 2434 207 2499 11.
232 2432 405 2502 honoribus
439 2439 534 2502 variis
563 2437 775 2511 cumulatus,
812 2436 897 2499 inter
921 2454 1003 2521 quos
1040 2433 1138 2496 fastus
1157 2426 1202 2496 est

162 2532 342 2598 Praefectus
365 2534 456 2598 Arcis
485 2535 691 2608 Hadrianae,
731 2530 783 2597 feu
806 2532 906 2597 Castri
928 2532 1029 2596 Sanfii
1055 2528 1170 2619 Angeli
1194 2571 1205 2592 .

120 2665 126 2672 ·
161 2629 261 2693 Obiit
281 2647 390 2696 autem
405 2635 528 2699 Romae
544 2653 645 2709 1470.
660 2631 710 2693 Ab
732 2633 869 2695 Auiiore
891 2628 1036 2718 Catalogi
1050 2630 1204 2695 miliani.-

85 2803 88 2810 .
165 2727 354 2797 Teiitrianat
370 2739 548 2818 pagani.
580 2749 702 2795 temere
733 2730 866 2797 refertur
892 2730 932 2795 ad
957 2746 1074 2791 annum
1095 2731 1201 2803 1467.

162 2821 277 2892 Exstat
298 2842 406 2891 autem
434 2829 555 2893 Romae
582 2829 615 2890 in
643 2825 837 2892 casanatensi
864 2823 1089 2892 Bibliotheca.

219 2927 268 3008 (d)
296 2922 395 3010 Operi
410 2925 530 3011 praeest
553 2927 648 2990 index
672 2948 726 3000 14.
753 2923 861 2987 folior.
875 2922 1072 3010 Subscriptio
1093 2922 1206 2987 eadem

161 3021 297 3085 omnino
320 3021 399 3098 est,
433 3046 468 3089 ac
497 3023 614 3109 supra.
651 3020 761 3087 Exstat
784 3040 894 3087 autem
927 3021 960 3085 in
982 3017 1203 3085 Bibliothecae

161 3118 434 3184 Card.RENAT1
458 3121 701 3185 lMPERIALIS
719 3123 814 3187 Indice
830 3139 901 3207 pag.
923 3143 1007 3193 41.‚
1030 3117 1063 3182 δι
1089 3118 1122 3180 in
1147 3113 1202 3178 Bi·

161 3213 325 3286 bliotheca
351 3218 479 3284 Patrum
505 3216 775 3309 AugustInenfium
814 3220 899 3304 apud
931 3222 961 3282 S.
993 3215 1128 3285 Mariam
1163 3211 1204 3277 de

165 3311 291 3397 Populo
313 3315 460 3384 Romae.
1200 3371 1202 3380 .

213 3409 262 3502 (e)
288 3412 387 3477 Initio
407 3417 489 3481 tomi
503 3416 597 3505 primi
612 3413 713 3482 exstat
731 3412 862 3501 epistola
875 3413 967 3484 JOH.
983 3409 1208 3482 ANDREAE,

162 3529 244 3593 quae
271 3511 385 3594 Incipit
409 3514 472 3579 fic:
494 3516 587 3584 Patet
609 3519 766 3605 Beatiffltne
790 3513 926 3576 PAULE
952 3511 1019 3585 IL,
1048 3505 1202 3574 &initio

161 3606 293 3678 secundi
316 3610 441 3687 altera,
469 3635 549 3699 quae
573 3597 713 3702 incipit':
739 3617 823 3683 Ante
848 3616 966 3684 arania,
993 3607 1027 3672 &
1052 3604 1209 3672 termina*

161 3718 248 3767 turi
278 3703 378 3776 Valete
402 3715 610 3802 amantifflmi,
635 3727 721 3799 atqua
748 3712 917 3799 aptatifflnii
943 3710 1093 3774 Ieiiiantna
1119 3706 1207 3771 cami-

162 3816 205 3869 its
233 3844 246 3875 ‚
280 3797 317 3872 (t
349 3808 441 3874 caiiaa
466 3812 635 3877 latinitatis
657 3813 796 3896 itadiafi.
821 3806 1017 3875 Editionem·
1036 3797 1205 3961 hampi-

1175 3913 1210 3958 o.

1340 3989 1412 4273 i
