3117 4709
1145 394 1193 469 71

261 711 569 800 canna
642 709 1111 818 ounnrnm

246 884 315 1004 De
350 875 637 992 Typograpbia
652 937 655 942 ·
668 882 843 967 Romam
868 882 1117 969 translata.
1148 873 1150 877 ’

305 1114 484 1196 Αᾶεηυε
508 1109 637 1199 secuti
666 1108 805 1200 sumus
823 1117 1086 1219 conradum,
1111 1116 1199 1199 Ar·

320 1227 526 1331 noldum,
572 1235 609 1316 δι
651 1231 897 1320 Udalricum
934 1261 1008 1344 pet
1045 1259 1198 1345 agrum

172 1356 415 1438 Romanum
444 1349 526 1434 iter
553 1345 782 1451 facientes',
818 1354 856 1433 Sc
876 1354 979 1437 artis
1009 1352 1104 1440 suae
1125 1379 1197 1438 ve·

171 1470 293 1580 stigio
324 1464 640 1579 relinquentem
678 1495 813 1577 neque
850 1488 992 1554 tamen
1036 1469 1198 1579 aliquid

170 1586 412 1671 detractum
443 1583 630 1670 volumus
651 1583 794 1670 relatis
813 1586 855 1669 in
886 1589 1026 1695 capite
1051 1592 1200 1674 secun·

173 1705 236 1789 do
265 1703 535 1805 testimoniis,
565 1731 670 1815 quae
699 1705 878 1814 primam
908 1704 950 1787 in
974 1706 1079 1791 urbe
1108 1708 1200 1790 Ro·

174 1849 246 1907 ma
275 1821 600 1935 Typographiae
628 1817 764 1905 sedem
796 1821 1087 1908 constituunt·
1118 1824 1195 1909 His

174 1939 288 2027 enim
316 1938 575 2051 temporibus
604 1940 772 2022 Romae
798 1939 970 2025 nomine
1015 1968 1098 2026 non
1131 1936 1201 2024 so-

174 2056 220 2143 la
247 2056 343 2142 urbs
371 2053 556 2168 intelligi
582 2050 774 2156 solebat,
809 2052 875 2141 sed
909 2054 996 2167 ipsa
1028 2083 1198 2171 quoque

178 2178 411 2287 Campania
439 2179 657 2273 Romana,
688 2175 729 2257 in
760 2202 841 2287 qua
870 2171 992 2259 litum
1026 2176 1083 2261 esi
1121 2182 1199 2263 Su·

176 2292 369 2379 blacum.
388 2300 482 2409 Jam
511 2320 611 2378 veto
639 2295 789 2378 horum
811 2293 1198 2409 Typographotum

176 2409 294 2525 gesta
354 2411 396 2493 in
458 2410 576 2497 Urbe
629 2408 927 2523 persequamur
947 2425 974 2496 “.
1032 2414 1199 2499 Ulrt'cus

179 2530 278 2613 Han
316 2526 491 2641 (107),
534 2532 553 2641 (
582 2530 695 2641 quod
724 2526 809 2637 jam
829 2523 1147 2642 observavimus
1178 2530 1202 2643 )

179 2648 566 2757 Typographorum
605 2648 766 2753 primus·
783 2647 974 2732 Romam
1004 2646 1200 2761 appulit,

178 2764 324 2874 ibique
351 2766 461 2876 apud
487 2762 760 2854 cardinalem
785 2761 836 2848 de
857 2769 1200 2865 Turrtcrematm

180 2880 284 2966 dum
307 2902 424 2967 totus
442 2881 482 2966 in
500 2878 639 2991 liguris
668 2879 819 2993 ligneis
844 2882 933 2990 ejus
956 2888 1077 2996 operi
1105 2890 1207 2970 ada·
1299 2933 1304 2944 ·

180 3000 352 3109 ptandis
373 3019 462 3088 etat
490 3021 751 3111 occupatus,
787 3000 1030 3103 conradus,
1065 3007 1104 3086 &
1126 3009 1208 3089 Ar·
1347 3104 1350 3110 ,

178 3114 323 3220 tealdus
350 3121 455 3205 hanc
486 3118 702 3205 tarditatis
728 3117 988 3205 occasionem
1018 3123 1209 3228 arripue-

177 3223 316 3337 i-unt,
348 3254 395 3322 ut
435 3240 620 3349 primum
662 3232 798 3345 praeli
837 3264 941 3346 opus
975 3238 1017 3321 in
1064 3237 1205 3325 lucem

640 3357 675 3439 E
703 3379 735 3462 4
1099 3360 1204 3446 ede·
1354 3417 1359 3428 ·

153 3678 156 3688 .
230 3661 332 3747 (ιω)
355 3662 531 3729 caratnans
555 3660 724 3757 Qnmm
756 3681 827 3750 pag.
855 3662 1203 3743 149.nondiffitetut
1254 3651 1256 3655 ’

178 3759 389 3848 plurimorum
420 3755 480 3830 effe
505 3759 726 3833 sententiam,
754 3758 945 3826 ULRICUM
966 3761 1057 3826 HAN
1080 3762 1200 3836 Romae

182 3869 260 3924 onte
280 3856 550 3935 CONRADUM,
576 3856 610 3925 &
627 3844 873 3925 ARNOLDUM
893 3852 1088 3944 imprefftffe.
