3117 4709
396 389 615 499 curor
661 417 989 546 rnnrtuu·
1137 426 1187 496 σι

250 553 317 599 ,,,
881 545 891 556 ..

158 680 431 793 pographicis
479 699 600 765 certo
647 682 811 768 constat
850 739 865 783 ‚
908 683 1185 773 Conraduuu
1246 666 1258 690 ²

154 797 454 907 sweynheym,
492 800 531 878 8<
572 796 806 882 Arnoldum
847 806 1059 888 Pannartz
1106 821 1185 886 una

96 1011 108 1028 ⁵
155 919 258 1003 cum
287 909 483 998 aldarico
507 915 602 998 Han
628 914 787 1024 priores
824 916 938 1004 fuilie
962 922 1186 1031 Typogra-

151 1038 290 1145 phos,
325 1031 404 1145 qui·
427 1031 468 1113 in
491 1029 660 1115 ltaliam
686 1032 975 1136 advenerint,
1008 1038 1110 1123 stcut
1144 1038 1184 1118 δι

150 1151 316 1238 constat
358 1174 408 1233 ex
461 1145 832 1258 subscriptionibus
881 1153 1086 1242 librorum
1129 1158 1181 1242 ab

148 1265 245 1380 ipsis
275 1264 597 1373 impressorum‚
631 1266 727 1353 hinc
754 1270 923 1355 evidens
949 1271 1007 1356 est
1037 1300 1089 1358 ex
1119 1276 1179 1358 bis

150 1388 290 1473 tribus
323 1382 538 1493 aliquem,
570 1383 597 1468 sr
628 1411 927 1488 muniones,
971 1390 1180 1477 Mooaste·

153 1504 261 1588 rium
306 1498 554 1587 sublacense
590 1502 826 1613 appulisse‚
858 1508 1000 1620 ibique
1042 1529 1178 1600 artem

150 1620 268 1709 suam
301 1618 547 1707 exercuisse.

213 1737 437 1825 Probabile
465 1765 571 1848 ergo
599 1745 909 1850 quammaxime
948 1744 1038 1846 est,
1068 1753 1176 1834 Ger-

151 1882 299 1943 manos
332 1858 639 1967 Typographns
667 1858 706 1940 in
723 1858 971 1972 Schoifflrt‘‚
1003 1866 1042 1945 δι
1073 1864 1175 1947 Fau·

130 1972 200 2083 stt·
224 1975 327 2089 (9¹)
352 1975 520 2058 officina
546 1971 746 2072 edoctos,
784 1977 1005 2087 Mogontia
1029 1974 1174 2090 profe·

148 2100 237 2179 atos
272 2087 475 2205 quosdam
507 2092 721 2198 operarios
754 2087 893 2178 secum
927 2092 1168 2198 adduxisse,

148 2216 189 2293 bt
219 2208 339 2296 simul
372 2209 454 2294 iter
487 2205 694 2320 suscepisse
719 2208 862 2323 (92),
897 2213 1045 2323 eosque
1086 2208 1173 2297 for-

148 2331 227 2414 san
247 2326 470 2414 accersitos
500 2323 613 2411 fuifle
640 2355 663 2409 a
692 2330 822 2413 Card·
836 2328 886 2410 de
906 2332 1012 2440 Casa
1031 2332 1170 2442 (93),

147 2474 296 2535 eorum
325 2463 637 2544 conterraneo,
668 2445 739 2555 qui
756 2445 864 2531 obiit
892 2448 960 2529 die
988 2451 1061 2532 ΧΙ.
1089 2454 1172 2533 Au·

1092 2593 1171 2675 gu·

139 2871 143 2877 .
196 2818 275 2903 (9¹)
301 2816 344 2879 Ut
375 2812 516 2877 indicant
537 2807 779 2894 subscriptiones
795 2801 952 2890 epistolar.
978 2806 1171 2872 SENECAE

145 2914 220 2979 anni
249 2931 375 2989 14750,
403 2911 437 2976 bt
456 2904 691 2974 institutionum
710 2900 939 2975 JUSTINIANI
958 2900 1098 2980 ejusdem
1116 2925 1170 2966 an.

144 3012 178 3077 ni
196 3056 217 3087 ,.
232 3008 267 3074 in
294 3009 411 3097 quibus
438 3004 603 3071 codicibus
627 3001 697 3067 stilo
721 3004 763 3065 usu
786 2999 886 3073 sunt,
912 2999 1084 3087 eademque
1108 3003 1170 3063 for.

144 3107 231 3174 mutia
245 3150 257 3182 ,
283 3128 318 3170 ac
346 3103 549 3176 FAUSTUS,
575 3098 608 3164 8(
644 3094 876 3165 SCHOIFFER
902 3094 934 3155 iu
966 3096 1076 3182 primis
1101 3097 1169 3163 edi·

145 3205 292 3270 tionibus
321 3200 539 3292 Moguntinis.
861 3209 863 3214 ·
1039 3271 1042 3276 ἱ

195 3304 275 3389 (9²)
297 3303 340 3366 Ut
363 3304 460 3365 docet
497 3315 607 3361 eorum
643 3292 858 3360 testimonium
894 3290 1029 3354 relatum
1064 3291 1169 3378 capite

144 3401 286 3468 secundo
311 3421 382 3488 pag.
409 3421 468 3470 ²4·

189 3498 267 3586 (93)
290 3496 350 3560 Hic
376 3495 461 3560 enim
484 3492 638 3558 referente
665 3487 756 3558 JOH.
779 3489 961 3555 ANDREA
989 3487 1022 3551 in
1046 3488 1166 3554 Praefa.

142 3594 235 3660 tione
276 3597 315 3659 ad
350 3591 543 3659 PAULLUM
569 3589 611 3652 ll.
643 3583 803 3674 praemissa
828 3592 921 3657 Tom.
954 3587 980 3654 1.
1008 3582 1167 3673 epistolar.

139 3690 439 3758 S.tttttRoNYM1
461 3705 527 3754 tam
555 3686 627 3752 anni
658 3692 785 3760 1468„
809 3708 907 3771 quarn
927 3704 1059 3762 1420„
1087 3689 1168 3756 nihii

140 3805 293 3878 tantopere
317 3792 495 3875 par-optabat
512 3807 603 3876 quem
621 3799 656 3852 ut
675 3788 742 3852 hacc
766 3784 865 3872 strnue
890 3807 944 3856 ars.
955 3827 967 3858 ,
992 3803 1065 3872 quur
1081 3785 1160 3853 oriri

133 3908 214 3955 runc
233 3891 267 3956 ln
295 3890 460 3955 Germania·
477 3889 657 3958 videbatur,
679 3884 802 3950 Romam
829 3887 1041 3954 deduceretur·
