3117 4709
387 372 392 383 ‚
487 280 698 367 CAPUT
739 279 1058 386 QUINTUM'
1218 304 1285 402 tou

265 420 1286 503 m
1328 426 1330 428 ’

262 555 515 651 Camerini,
545 580 651 663 quae
676 551 768 635 huic
797 550 934 633 eidem
960 551 1136 634 editioni
1165 579 1284 663 pene·

262 671 472 756 mittenda
502 692 623 766 erat,
656 667 723 751 sed
756 694 863 781 quae
896 671 954 747 Ca
956 646 1117 752 iderini
1143 688 1283 753 morte

259 790 430 902 praevia
460 778 662 895 suppressa
692 784 773 869 est
804 788 920 867 Hanc
957 802 1100 871 autem
1132 785 1284 871 retulit

259 935 310 990 ex
337 905 599 1014 autographo
630 901 767 1011 Scipio
789 901 985 1012 Maffeius
1025 905 1205 987 Veronae
1227 900 1284 983 il·

258 1018 373 1127 lustr.
414 1027 530 1106 Part.
559 1024 616 1102 ii
632 1039 733 1132 pag
756 1024 854 1105 218
881 1019 982 1100 edit.
1010 1024 1123 1102 in8.
1150 1019 1285 1135 (126)

259 1136 337 1224 δι’
327 1159 444 1244 Juxta
482 1136 631 1225 eadem
667 1157 981 1233 monumenta,
1016 1139 1206 1222 triennio
1234 1142 1283 1219 iu

724 1260 817 1366 G3
1121 1346 1162 1357 ,,
1213 1253 1284 1338 leae

217 1561 227 1574 ,
258 1509 292 1572 dc
306 1507 460 1571 ,anhtttcts
478 1509 688 1573 mathematicis
712 1506 822 1577 uiris,
845 1505 1073 1592 quemadmodum
1097 1502 1210 1567 tabulis
1234 1521 1283 1566 ae·
1352 1505 1354 1510 '

260 1604 322 1669 nois
345 1605 611 1687 imprimerentur,
637 1607 773 1677 edocuit,
799 1602 980 1687 triennioque
995 1601 1028 1662 iu
1053 1601 1106 1664 bac
1128 1618 1200 1664 cura
1215 1618 1280 1665 cou-

254 1703 378 1787 sumpta
400 1704 474 1767 diem
487 1704 589 1777 obiit,
615 1701 647 1767 iu
670 1707 751 1790 cujus
775 1701 966 1786 uigiliarum,
995 1695 1185 1784 laborumque
1204 1713 1279 1782 par·

257 1813 315 1865 tem
338 1818 393 1864 non
416 1796 554 1883 inferiori
587 1802 739 1886 ingenio,
774 1818 806 1862 ac
832 1796 924 1864 inedia
949 1789 1179 1855 ARNOLDUS
1209 1790 1278 1854 BU-

256 1893 365 1958 KINK
390 1915 404 1960 e
428 1894 585 1961 Germania
608 1900 661 1963 uir
691 1897 823 1983 apprime
857 1893 989 1964 eruditus
1013 1891 1051 1952 ad
1083 1887 1275 2024 impersciium

258 2007 328 2080 opus
347 1991 493 2080 succedens
504 2036 610 2058 .....
629 1992 775 2081 persenit.

307 2083 415 2177 (126)
442 2087 620 2155 DOMITII
646 2088 883 2155 CALDERINI
919 2087 1083 2158 Secretarii
1115 2084 1277 2172 Apeilolici

258 2190 522 2256 inemendationem
535 2189 709 2255 tabidorum
726 2185 976 2253 PTOLEMAEI
997 2188 1036 2250 ad
1052 2182 1210 2247 xls‘rum
1221 2182 1277 2248 lV.

257 2285 344 2354 Pant.
364 2283 454 2351 Mau.
488 2284 533 2348 ita
560 2281 654 2351 habet
692 2284 832 2365 titulus;
860 2286 974 2351 deinde
1009 2278 1161 2345 exhibitis
1186 2287 1277 2367 praess

256 2381 391 2455 stantia,
417 2379 451 2445 δι
471 2382 590 2446 merito
611 2380 700 2464 hujus
723 2384 876 2449 editionis
899 2381 939 2446 fic
956 2375 1184 2465 prosequitur:
1210 2381 1275 2449 Hae

256 2497 324 2567 upon
348 2494 410 2544 tam
434 2484 574 2552 uarium,
598 2495 659 2545 tam
677 2484 817 2569 subtile,
839 2498 900 2548 tam
921 2481 1058 2545 diuinum
1076 2482 1141 2565 jam
1159 2483 1282 2564 pridem

254 2581 289 2644 in
314 2578 473 2649 codicibus,
491 2579 608 2644 Latinis
634 2582 780 2647 admodum
801 2585 1019 2666 depravatum,
1040 2595 1105 2638 eum
1128 2591 1172 2639 ut·
1187 2599 1278 2645 eureu-
1378 2645 1381 2649 ,

255 2680 387 2747 darem,
421 2672 651 2739 CONRADUS
688 2680 870 2750 Germanus,
896 2697 915 2741 a
939 2694 1019 2762 quo,
1045 2687 1083 2735 ut
1102 2674 1190 2759 scis,
1213 2679 1277 2742 Ro·

217 2791 222 2795 ·
256 2795 318 2839 mae
333 2772 552 2858 formandorum
576 2774 724 2840 librorum
747 2778 898 2842 induiiria
926 2773 1059 2859 primum
1080 2768 1207 2857 profeiia
1221 2774 1274 2846 eil,

256 2872 327 2945 olim
346 2873 553 2961 diligentiffime
567 2884 717 2957 peteret,
738 2865 797 2959 feci
821 2876 853 2938 id
871 2875 986 2959 aelidem
1009 2883 1181 2933 nontamen
1211 2885 1273 2936 tam

255 2969 408 3041 libenter,
432 2990 517 3053 quam
542 2966 709 3057 laboriose,
729 2992 797 3035 nam
821 2991 869 3033 mu
872 2971 917 3033 lta
933 2991 973 3035 eu
993 2967 1205 3031 mathematicis
1223 2972 1271 3033 di·

250 3054 388 3151 sciplinic
407 3067 545 3151 sumenda
565 3065 713 3149 suarum,
739 3083 776 3132 ut
801 3068 913 3156 uiginti
943 3067 997 3153 sex
1020 3062 1139 3127 tabulae
1173 3084 1273 3133 aeneae

253 3166 398 3245 (totidem
418 3166 495 3249 suut
516 3184 535 3227 a
559 3161 824 3228 PTOLEMAEO
847 3169 880 3229 in
905 3163 1075 3249 uniuersum
1098 3163 1194 3227 orbem
1226 3166 1274 3228 dl

253 3260 401 3325 iiributae
421 3262 436 3340 )
460 3260 629 3345 diligenter
653 3264 752 3349 euscul
749 3278 929 3346 petentur,
962 3281 997 3326 eu
1032 3258 1138 3348 quibus
1176 3261 1274 3326 ueluti

254 3358 390 3443 exemplis
417 3357 528 3445 reliqui
550 3364 724 3425 ducerentur
748 3361 828 3424 libri
852 3354 922 3428 (π-
952 3356 1080 3420 Deinde
1121 3372 1197 3422 uota
1234 3359 1274 3422 ad

255 3454 427 3542 marginem
454 3452 667 3537 manuscripta
688 3455 787 3534 ejusd.
809 3456 964 3540 temporis
999 3456 1154 3518 additur.
1184 3458 1276 3523 Deni-

254 3570 307 3640 que
330 3554 469 3617 acerrimi
502 3556 612 3637 ingenii
647 3557 699 3619 uir
719 3557 882 3621 triennium
908 3558 940 3620 in
958 3554 1010 3618 bac
1032 3572 1092 3620 una
1115 3571 1201 3639 opera
1219 3573 1272 3644 pu·

252 3649 339 3734 scuit,
363 3670 462 3733 magna
478 3652 626 3735 scurnum,
652 3657 760 3741 iuniore
774 3675 866 3724 curu,
891 3658 1099 3721 mauimaueto
1111 3696 1122 3727 ‚
1150 3672 1185 3718 ut
1209 3656 1275 3742 qul-

256 3748 316 3813 dem
336 3749 445 3835 spera,
470 3746 576 3823 laude,
604 3744 761 3838 &gloria
780 3753 944 3819 immortali
956 3794 964 3814 .

417 3985 429 4064 l
