<?xml version="1.0" encoding="UTF-8"?>
<!DOCTYPE html PUBLIC "-//W3C//DTD XHTML 1.0 Transitional//EN"
    "http://www.w3.org/TR/xhtml1/DTD/xhtml1-transitional.dtd">
<html xmlns="http://www.w3.org/1999/xhtml" xml:lang="en" lang="en">
 <head>
  <title>
</title>
<meta http-equiv="Content-Type" content="text/html;charset=utf-8" />
  <meta name='ocr-system' content='tesseract 3.04.00' />
  <meta name='ocr-capabilities' content='ocr_page ocr_carea ocr_par ocr_line ocrx_word'/>
</head>
<body>
  <div class='ocr_page' id='page_1' title='image "./specimenhistori00lairgoog_0166.png"; bbox 0 0 3117 4709; ppageno 0'>
   <div class='ocr_carea' id='block_1_1' title="bbox 247 387 1292 774">
    <p class='ocr_par' dir='ltr' id='par_1_1' title="bbox 247 387 1292 774">
     <span class='ocr_line' id='line_1_1' title="bbox 251 387 1061 510; baseline -0.012 -34"><span class='ocrx_word' id='word_1_1' title='bbox 251 437 321 510; x_wconf 86' lang='lat'>140</span> <span class='ocrx_word' id='word_1_2' title='bbox 454 395 669 477; x_wconf 70' lang='lat' dir='ltr'>INDEX</span> <span class='ocrx_word' id='word_1_3' title='bbox 720 387 1061 506; x_wconf 69' lang='lat' dir='ltr'>LlBRORUM</span> 
     </span>
     <span class='ocr_line' id='line_1_2' title="bbox 260 521 1265 616; baseline -0.015 0"><span class='ocrx_word' id='word_1_4' title='bbox 260 521 1265 616; x_wconf 71' lang='lat'>..-&#39;¹—-----——-----—</span> 
     </span>
     <span class='ocr_line' id='line_1_3' title="bbox 247 659 1292 774; baseline -0.002 -26"><span class='ocrx_word' id='word_1_5' title='bbox 247 667 313 748; x_wconf 91' lang='lat' dir='ltr'>De</span> <span class='ocrx_word' id='word_1_6' title='bbox 343 665 529 742; x_wconf 77' lang='lat' dir='ltr'>Oratore</span> <span class='ocrx_word' id='word_1_7' title='bbox 554 661 607 740; x_wconf 87' lang='lat' dir='ltr'>ad</span> <span class='ocrx_word' id='word_1_8' title='bbox 639 663 841 760; x_wconf 80' lang='lat' dir='ltr'>Brutum,</span> <span class='ocrx_word' id='word_1_9' title='bbox 879 659 1124 774; x_wconf 72' lang='lat' dir='ltr'>&amp;perfeeto</span> <span class='ocrx_word' id='word_1_10' title='bbox 1160 687 1292 772; x_wconf 83' lang='lat' dir='ltr'>gene·</span> 
     </span>
    </p>
   </div>
   <div class='ocr_carea' id='block_1_2' title="bbox 249 775 1291 982">
    <p class='ocr_par' dir='ltr' id='par_1_2' title="bbox 249 775 1291 982">
     <span class='ocr_line' id='line_1_4' title="bbox 249 775 1291 982; baseline -0.005 -120"><span class='ocrx_word' id='word_1_11' title='bbox 249 809 295 866; x_wconf 88' lang='lat' dir='ltr'>re</span> <span class='ocrx_word' id='word_1_12' title='bbox 327 775 536 862; x_wconf 81' lang='lat' dir='ltr'>dicendi·</span> <span class='ocrx_word' id='word_1_13' title='bbox 569 777 691 858; x_wconf 83' lang='lat' dir='ltr'>Anno</span> <span class='ocrx_word' id='word_1_14' title='bbox 735 778 892 895; x_wconf 75' lang='lat' dir='ltr'>christi</span> <span class='ocrx_word' id='word_1_15' title='bbox 923 783 1291 982; x_wconf 42' lang='lat' dir='ltr'><strong>MCCCCLXIIJ.</strong></span> 
     </span>
     <span class='ocr_line' id='line_1_5' title="bbox 1246 923 1290 982; baseline 0.045 -2"><span class='ocrx_word' id='word_1_16' title='bbox 1246 923 1290 982; x_wconf 63' lang='lat'>16</span> 
     </span>
    </p>
   </div>
   <div class='ocr_carea' id='block_1_3' title="bbox 249 1215 1299 3930">
    <p class='ocr_par' dir='ltr' id='par_1_3' title="bbox 249 1215 1299 3930">
     <span class='ocr_line' id='line_1_6' title="bbox 249 1215 1284 1312; baseline -0.01 -19"><span class='ocrx_word' id='word_1_17' title='bbox 249 1227 363 1294; x_wconf 83' lang='lat' dir='ltr'><strong>Monte</strong></span> <span class='ocrx_word' id='word_1_18' title='bbox 382 1217 564 1312; x_wconf 77' lang='lat' dir='ltr'>Qitinali,</span> <span class='ocrx_word' id='word_1_19' title='bbox 588 1217 623 1283; x_wconf 74' lang='grc' dir='ltr'>δε</span> <span class='ocrx_word' id='word_1_20' title='bbox 648 1215 815 1283; x_wconf 84' lang='lat' dir='ltr'>ALOYSII</span> <span class='ocrx_word' id='word_1_21' title='bbox 839 1217 1042 1293; x_wconf 75' lang='lat' dir='ltr'>Tuscum,</span> <span class='ocrx_word' id='word_1_22' title='bbox 1074 1242 1222 1309; x_wconf 84' lang='lat' dir='ltr'>quaeque</span> <span class='ocrx_word' id='word_1_23' title='bbox 1247 1217 1284 1283; x_wconf 93' lang='lat' dir='ltr'>in</span> 
     </span>
     <span class='ocr_line' id='line_1_7' title="bbox 251 1313 1283 1403; baseline -0.009 -13"><span class='ocrx_word' id='word_1_24' title='bbox 251 1324 381 1390; x_wconf 90' lang='lat' dir='ltr'>aedibus</span> <span class='ocrx_word' id='word_1_25' title='bbox 402 1317 556 1385; x_wconf 80' lang='lat' dir='ltr'>Mediceis</span> <span class='ocrx_word' id='word_1_26' title='bbox 581 1313 718 1380; x_wconf 82' lang='lat' dir='ltr'>exstabat</span> <span class='ocrx_word' id='word_1_27' title='bbox 745 1339 842 1403; x_wconf 84' lang='lat' dir='ltr'>prope</span> <span class='ocrx_word' id='word_1_28' title='bbox 857 1319 999 1379; x_wconf 79' lang='lat' dir='ltr'>Santlum</span> <span class='ocrx_word' id='word_1_29' title='bbox 1019 1315 1224 1382; x_wconf 82' lang='lat' dir='ltr'>Eustachium</span> <span class='ocrx_word' id='word_1_30' title='bbox 1241 1317 1283 1382; x_wconf 87' lang='lat' dir='ltr'>ad</span> 
     </span>
     <span class='ocr_line' id='line_1_8' title="bbox 252 1412 1220 1490; baseline -0.007 -3"><span class='ocrx_word' id='word_1_31' title='bbox 252 1421 406 1487; x_wconf 87' lang='lat' dir='ltr'>Thermas</span> <span class='ocrx_word' id='word_1_32' title='bbox 426 1412 676 1490; x_wconf 84' lang='lat' dir='ltr'>Alexandrinas,</span> <span class='ocrx_word' id='word_1_33' title='bbox 703 1413 758 1476; x_wconf 93' lang='lat' dir='ltr'>ubi</span> <span class='ocrx_word' id='word_1_34' title='bbox 779 1433 861 1478; x_wconf 87' lang='lat' dir='ltr'>nunc</span> <span class='ocrx_word' id='word_1_35' title='bbox 883 1413 1080 1478; x_wconf 84' lang='lat' dir='ltr'><strong>Praetorium</strong></span> <span class='ocrx_word' id='word_1_36' title='bbox 1100 1414 1220 1480; x_wconf 79' lang='lat' dir='ltr'>Urbis.</span> 
     </span>
     <span class='ocr_line' id='line_1_9' title="bbox 325 1509 1286 1600; baseline -0.001 -20"><span class='ocrx_word' id='word_1_37' title='bbox 325 1515 437 1580; x_wconf 88' lang='lat' dir='ltr'>Tertia</span> <span class='ocrx_word' id='word_1_38' title='bbox 470 1509 580 1596; x_wconf 89' lang='lat' dir='ltr'>opinio</span> <span class='ocrx_word' id='word_1_39' title='bbox 610 1509 656 1575; x_wconf 87' lang='lat' dir='ltr'>est</span> <span class='ocrx_word' id='word_1_40' title='bbox 686 1509 818 1600; x_wconf 86' lang='lat' dir='ltr'>primam</span> <span class='ocrx_word' id='word_1_41' title='bbox 847 1512 1050 1577; x_wconf 88' lang='lat' dir='ltr'>Decadema</span> <span class='ocrx_word' id='word_1_42' title='bbox 1076 1512 1286 1579; x_wconf 83' lang='lat' dir='ltr'>CAMPANO</span> 
     </span>
     <span class='ocr_line' id='line_1_10' title="bbox 255 1604 1292 1704; baseline -0.003 -26"><span class='ocrx_word' id='word_1_43' title='bbox 255 1617 444 1704; x_wconf 77' lang='lat' dir='ltr'>vulgatam,</span> <span class='ocrx_word' id='word_1_44' title='bbox 464 1606 679 1697; x_wconf 88' lang='lat' dir='ltr'>priusquidem</span> <span class='ocrx_word' id='word_1_45' title='bbox 708 1604 861 1675; x_wconf 82' lang='lat' dir='ltr'>exstitiffe&#39;</span> <span class='ocrx_word' id='word_1_46' title='bbox 886 1612 1010 1677; x_wconf 70' lang='lat' dir='ltr'>editione</span> <span class='ocrx_word' id='word_1_47' title='bbox 1033 1609 1292 1688; x_wconf 87' lang='lat' dir='ltr'>VINDELlNI,</span> 
     </span>
     <span class='ocr_line' id='line_1_11' title="bbox 253 1705 1292 1796; baseline -0.006 -17"><span class='ocrx_word' id='word_1_48' title='bbox 253 1716 310 1779; x_wconf 89' lang='lat' dir='ltr'>sed</span> <span class='ocrx_word' id='word_1_49' title='bbox 336 1709 415 1774; x_wconf 86' lang='lat' dir='ltr'>hunc</span> <span class='ocrx_word' id='word_1_50' title='bbox 433 1705 538 1796; x_wconf 85' lang='lat' dir='ltr'>postea</span> <span class='ocrx_word' id='word_1_51' title='bbox 564 1706 718 1780; x_wconf 87' lang='lat' dir='ltr'>tertiam,</span> <span class='ocrx_word' id='word_1_52' title='bbox 744 1705 778 1770; x_wconf 76' lang='grc' dir='ltr'>δι</span> <span class='ocrx_word' id='word_1_53' title='bbox 804 1728 947 1794; x_wconf 84' lang='lat' dir='ltr'>quartam</span> <span class='ocrx_word' id='word_1_54' title='bbox 972 1708 1120 1772; x_wconf 89' lang='lat' dir='ltr'>Decades</span> <span class='ocrx_word' id='word_1_55' title='bbox 1139 1730 1180 1773; x_wconf 88' lang='lat' dir='ltr'>ex</span> <span class='ocrx_word' id='word_1_56' title='bbox 1199 1710 1292 1773; x_wconf 84' lang='lat' dir='ltr'>VIN-</span> 
     </span>
     <span class='ocr_line' id='line_1_12' title="bbox 256 1801 1292 1891; baseline -0.006 -16"><span class='ocrx_word' id='word_1_57' title='bbox 256 1809 407 1878; x_wconf 87' lang='lat' dir='ltr'>DELINI</span> <span class='ocrx_word' id='word_1_58' title='bbox 431 1809 553 1875; x_wconf 71' lang='lat' dir='ltr'>editione</span> <span class='ocrx_word' id='word_1_59' title='bbox 578 1801 797 1891; x_wconf 83' lang='lat' dir='ltr'>descripfisie.</span> <span class='ocrx_word' id='word_1_60' title='bbox 835 1807 911 1890; x_wconf 87' lang='lat' dir='ltr'>Quo</span> <span class='ocrx_word' id='word_1_61' title='bbox 940 1807 1147 1871; x_wconf 80' lang='lat' dir='ltr'>fundamento</span> <span class='ocrx_word' id='word_1_62' title='bbox 1169 1807 1292 1873; x_wconf 83' lang='lat' dir='ltr'>nitatur</span> 
     </span>
     <span class='ocr_line' id='line_1_13' title="bbox 255 1902 1291 1995; baseline -0.004 -20"><span class='ocrx_word' id='word_1_63' title='bbox 255 1912 321 1975; x_wconf 90' lang='lat' dir='ltr'>tale</span> <span class='ocrx_word' id='word_1_64' title='bbox 344 1909 553 1995; x_wconf 85' lang='lat' dir='ltr'>figmentum,</span> <span class='ocrx_word' id='word_1_65' title='bbox 576 1907 814 1987; x_wconf 87' lang='lat' dir='ltr'>expendamus.</span> <span class='ocrx_word' id='word_1_66' title='bbox 837 1903 930 1966; x_wconf 89' lang='lat' dir='ltr'>Nulla</span> <span class='ocrx_word' id='word_1_67' title='bbox 959 1902 1018 1966; x_wconf 89' lang='lat' dir='ltr'>alia</span> <span class='ocrx_word' id='word_1_68' title='bbox 1041 1903 1160 1967; x_wconf 92' lang='lat' dir='ltr'>nititur</span> <span class='ocrx_word' id='word_1_69' title='bbox 1183 1911 1291 1971; x_wconf 82' lang='lat' dir='ltr'>autto-</span> 
     </span>
     <span class='ocr_line' id='line_1_14' title="bbox 249 1998 1295 2086; baseline -0.002 -16"><span class='ocrx_word' id='word_1_70' title='bbox 249 2009 383 2078; x_wconf 79' lang='lat' dir='ltr'>ritate,</span> <span class='ocrx_word' id='word_1_71' title='bbox 406 2003 460 2065; x_wconf 85' lang='lat' dir='ltr'>nist</span> <span class='ocrx_word' id='word_1_72' title='bbox 482 2000 537 2062; x_wconf 91' lang='lat' dir='ltr'>usu</span> <span class='ocrx_word' id='word_1_73' title='bbox 557 2001 804 2074; x_wconf 83' lang='lat' dir='ltr'>versiculorum,</span> <span class='ocrx_word' id='word_1_74' title='bbox 834 2021 914 2086; x_wconf 89' lang='lat' dir='ltr'>quos</span> <span class='ocrx_word' id='word_1_75' title='bbox 935 1998 1158 2065; x_wconf 85' lang='lat' dir='ltr'>CAMPANUS</span> <span class='ocrx_word' id='word_1_76' title='bbox 1177 2002 1295 2068; x_wconf 85' lang='lat' dir='ltr'>ULRI·</span> 
     </span>
     <span class='ocr_line' id='line_1_15' title="bbox 255 2095 1295 2181; baseline -0.003 -12"><span class='ocrx_word' id='word_1_77' title='bbox 255 2101 345 2169; x_wconf 86' lang='lat' dir='ltr'>RlCl</span> <span class='ocrx_word' id='word_1_78' title='bbox 367 2098 564 2163; x_wconf 84' lang='lat' dir='ltr'>editionibus</span> <span class='ocrx_word' id='word_1_79' title='bbox 590 2116 648 2181; x_wconf 91' lang='lat' dir='ltr'>pro</span> <span class='ocrx_word' id='word_1_80' title='bbox 671 2118 759 2161; x_wconf 88' lang='lat' dir='ltr'>more</span> <span class='ocrx_word' id='word_1_81' title='bbox 795 2095 850 2158; x_wconf 93' lang='lat' dir='ltr'>suo</span> <span class='ocrx_word' id='word_1_82' title='bbox 875 2097 993 2162; x_wconf 84' lang='lat' dir='ltr'>exarari</span> <span class='ocrx_word' id='word_1_83' title='bbox 1016 2099 1161 2164; x_wconf 87' lang='lat' dir='ltr'>curavit.</span> <span class='ocrx_word' id='word_1_84' title='bbox 1186 2101 1295 2166; x_wconf 89' lang='lat' dir='ltr'><strong>CAM·</strong></span> 
     </span>
     <span class='ocr_line' id='line_1_16' title="bbox 256 2193 1294 2283; baseline 0.001 -21"><span class='ocrx_word' id='word_1_85' title='bbox 256 2200 386 2267; x_wconf 88' lang='lat' dir='ltr'><strong>PANUS</strong></span> <span class='ocrx_word' id='word_1_86' title='bbox 405 2196 489 2260; x_wconf 85' lang='lat' dir='ltr'>enim</span> <span class='ocrx_word' id='word_1_87' title='bbox 511 2194 686 2278; x_wconf 90' lang='lat' dir='ltr'>(inquiunt</span> <span class='ocrx_word' id='word_1_88' title='bbox 705 2193 796 2272; x_wconf 89' lang='lat' dir='ltr'>hujus</span> <span class='ocrx_word' id='word_1_89' title='bbox 812 2195 971 2280; x_wconf 83' lang='lat' dir='ltr'>opinionis</span> <span class='ocrx_word' id='word_1_90' title='bbox 991 2195 1197 2283; x_wconf 82' lang='lat' dir='ltr'>adsertores)</span> <span class='ocrx_word' id='word_1_91' title='bbox 1215 2219 1294 2265; x_wconf 87' lang='lat' dir='ltr'>con·</span> 
     </span>
     <span class='ocr_line' id='line_1_17' title="bbox 256 2289 1293 2378; baseline 0.005 -19"><span class='ocrx_word' id='word_1_92' title='bbox 256 2297 363 2362; x_wconf 89' lang='lat' dir='ltr'>suetos</span> <span class='ocrx_word' id='word_1_93' title='bbox 386 2291 491 2358; x_wconf 84' lang='lat' dir='ltr'>versus</span> <span class='ocrx_word' id='word_1_94' title='bbox 515 2291 633 2369; x_wconf 88' lang='lat' dir='ltr'>adjecit</span> <span class='ocrx_word' id='word_1_95' title='bbox 669 2308 794 2355; x_wconf 89' lang='lat' dir='ltr'>tantum</span> <span class='ocrx_word' id='word_1_96' title='bbox 828 2289 897 2377; x_wconf 89' lang='lat' dir='ltr'>post</span> <span class='ocrx_word' id='word_1_97' title='bbox 932 2293 1066 2378; x_wconf 90' lang='lat' dir='ltr'>primam</span> <span class='ocrx_word' id='word_1_98' title='bbox 1090 2295 1260 2364; x_wconf 79' lang='lat' dir='ltr'>Decadem</span> <span class='ocrx_word' id='word_1_99' title='bbox 1278 2341 1293 2375; x_wconf 89' lang='lat'>‚</span> 
     </span>
     <span class='ocr_line' id='line_1_18' title="bbox 253 2385 1295 2479; baseline 0.001 -19"><span class='ocrx_word' id='word_1_100' title='bbox 253 2389 320 2460; x_wconf 69' lang='lat' dir='ltr'>&#39;non</span> <span class='ocrx_word' id='word_1_101' title='bbox 342 2412 417 2457; x_wconf 86' lang='lat' dir='ltr'>uero</span> <span class='ocrx_word' id='word_1_102' title='bbox 441 2385 508 2474; x_wconf 92' lang='lat' dir='ltr'>post</span> <span class='ocrx_word' id='word_1_103' title='bbox 530 2391 659 2451; x_wconf 87' lang='lat' dir='ltr'>tertiam</span> <span class='ocrx_word' id='word_1_104' title='bbox 679 2411 691 2468; x_wconf 90' lang='lat'>;</span> <span class='ocrx_word' id='word_1_105' title='bbox 733 2409 799 2475; x_wconf 83' lang='lat' dir='ltr'>quo</span> <span class='ocrx_word' id='word_1_106' title='bbox 830 2408 1020 2479; x_wconf 85' lang='lat' dir='ltr'>argumento</span> <span class='ocrx_word' id='word_1_107' title='bbox 1047 2393 1175 2478; x_wconf 89' lang='lat' dir='ltr'>probari</span> <span class='ocrx_word' id='word_1_108' title='bbox 1203 2401 1295 2478; x_wconf 86' lang='lat' dir='ltr'>ajunt</span> 
     </span>
     <span class='ocr_line' id='line_1_19' title="bbox 256 2481 1297 2579; baseline 0.004 -26"><span class='ocrx_word' id='word_1_109' title='bbox 256 2492 391 2579; x_wconf 89' lang='lat' dir='ltr'>primam</span> <span class='ocrx_word' id='word_1_110' title='bbox 413 2487 574 2550; x_wconf 89' lang='lat' dir='ltr'>Detadem</span> <span class='ocrx_word' id='word_1_111' title='bbox 595 2491 659 2564; x_wconf 88' lang='lat' dir='ltr'>jam</span> <span class='ocrx_word' id='word_1_112' title='bbox 685 2481 771 2551; x_wconf 80' lang='lat' dir='ltr'>luisse</span> <span class='ocrx_word' id='word_1_113' title='bbox 794 2488 980 2572; x_wconf 83' lang='lat' dir='ltr'>expletam,</span> <span class='ocrx_word' id='word_1_114' title='bbox 1007 2490 1188 2556; x_wconf 83' lang='lat' dir='ltr'>nullatenus</span> <span class='ocrx_word' id='word_1_115' title='bbox 1220 2515 1297 2561; x_wconf 87' lang='lat' dir='ltr'>vero</span> 
     </span>
     <span class='ocr_line' id='line_1_20' title="bbox 256 2583 1291 2673; baseline 0.005 -19"><span class='ocrx_word' id='word_1_116' title='bbox 256 2588 411 2661; x_wconf 89' lang='lat' dir='ltr'>tertiam,</span> <span class='ocrx_word' id='word_1_117' title='bbox 435 2583 557 2670; x_wconf 88' lang='lat' dir='ltr'>alioqui</span> <span class='ocrx_word' id='word_1_118' title='bbox 579 2584 707 2651; x_wconf 88' lang='lat' dir='ltr'>eosdem</span> <span class='ocrx_word' id='word_1_119' title='bbox 731 2586 837 2650; x_wconf 89' lang='lat' dir='ltr'>versus</span> <span class='ocrx_word' id='word_1_120' title='bbox 862 2584 929 2672; x_wconf 89' lang='lat' dir='ltr'>post</span> <span class='ocrx_word' id='word_1_121' title='bbox 958 2586 1054 2673; x_wconf 85' lang='lat' dir='ltr'>ipsam</span> <span class='ocrx_word' id='word_1_122' title='bbox 1077 2586 1291 2658; x_wconf 81' lang='lat' dir='ltr'>adhibuisset.</span> 
     </span>
     <span class='ocr_line' id='line_1_21' title="bbox 257 2680 1297 2778; baseline 0.005 -27"><span class='ocrx_word' id='word_1_123' title='bbox 257 2689 318 2754; x_wconf 85' lang='lat' dir='ltr'>Sed</span> <span class='ocrx_word' id='word_1_124' title='bbox 351 2686 493 2768; x_wconf 90' lang='lat' dir='ltr'>ineptum</span> <span class='ocrx_word' id='word_1_125' title='bbox 524 2681 594 2745; x_wconf 87' lang='lat' dir='ltr'>sane</span> <span class='ocrx_word' id='word_1_126' title='bbox 630 2680 675 2746; x_wconf 90' lang='lat' dir='ltr'>est</span> <span class='ocrx_word' id='word_1_127' title='bbox 698 2682 756 2746; x_wconf 83' lang='lat' dir='ltr'>lroc</span> <span class='ocrx_word' id='word_1_128' title='bbox 794 2703 1048 2772; x_wconf 80' lang='lat' dir='ltr'>argumentnm3</span> <span class='ocrx_word' id='word_1_129' title='bbox 1077 2690 1297 2778; x_wconf 81' lang='lat' dir='ltr'>typographus</span> 
     </span>
     <span class='ocr_line' id='line_1_22' title="bbox 257 2778 1295 2873; baseline 0.007 -26"><span class='ocrx_word' id='word_1_130' title='bbox 257 2784 342 2851; x_wconf 88' lang='lat' dir='ltr'>enim</span> <span class='ocrx_word' id='word_1_131' title='bbox 366 2785 432 2846; x_wconf 93' lang='lat' dir='ltr'>duo</span> <span class='ocrx_word' id='word_1_132' title='bbox 456 2793 580 2842; x_wconf 85' lang='lat' dir='ltr'>rantum</span> <span class='ocrx_word' id='word_1_133' title='bbox 606 2781 766 2844; x_wconf 90' lang='lat' dir='ltr'>volumina</span> <span class='ocrx_word' id='word_1_134' title='bbox 799 2778 963 2847; x_wconf 87' lang='lat' dir='ltr'>efformare</span> <span class='ocrx_word' id='word_1_135' title='bbox 989 2783 1045 2848; x_wconf 86' lang='lat' dir='ltr'>srbi</span> <span class='ocrx_word' id='word_1_136' title='bbox 1070 2787 1295 2873; x_wconf 83' lang='lat' dir='ltr'>proposuerat,</span> 
     </span>
     <span class='ocr_line' id='line_1_23' title="bbox 258 2876 1297 2967; baseline 0.005 -21"><span class='ocrx_word' id='word_1_137' title='bbox 258 2883 344 2947; x_wconf 89' lang='lat' dir='ltr'>itaut</span> <span class='ocrx_word' id='word_1_138' title='bbox 371 2876 429 2942; x_wconf 88' lang='lat' dir='ltr'>hoc</span> <span class='ocrx_word' id='word_1_139' title='bbox 455 2881 552 2942; x_wconf 92' lang='lat' dir='ltr'>modo</span> <span class='ocrx_word' id='word_1_140' title='bbox 575 2877 607 2940; x_wconf 92' lang='lat' dir='ltr'>in</span> <span class='ocrx_word' id='word_1_141' title='bbox 629 2880 690 2944; x_wconf 89' lang='lat' dir='ltr'>fine</span> <span class='ocrx_word' id='word_1_142' title='bbox 714 2878 879 2967; x_wconf 84' lang='lat' dir='ltr'>utriusque</span> <span class='ocrx_word' id='word_1_143' title='bbox 907 2880 999 2945; x_wconf 91' lang='lat' dir='ltr'>solita</span> <span class='ocrx_word' id='word_1_144' title='bbox 1027 2880 1164 2948; x_wconf 82' lang='lat' dir='ltr'>exstaret</span> <span class='ocrx_word' id='word_1_145' title='bbox 1187 2886 1297 2950; x_wconf 88' lang='lat' dir='ltr'>CAM·</span> 
     </span>
     <span class='ocr_line' id='line_1_24' title="bbox 257 2975 1296 3069; baseline 0.005 -26"><span class='ocrx_word' id='word_1_146' title='bbox 257 2978 356 3044; x_wconf 83' lang='lat' dir='ltr'><strong>PANI</strong></span> <span class='ocrx_word' id='word_1_147' title='bbox 377 2975 559 3060; x_wconf 89' lang='lat' dir='ltr'>inscripti0.</span> <span class='ocrx_word' id='word_1_148' title='bbox 582 2978 650 3040; x_wconf 85' lang='lat' dir='ltr'>Cur</span> <span class='ocrx_word' id='word_1_149' title='bbox 675 2997 739 3041; x_wconf 91' lang='lat' dir='ltr'>nou</span> <span class='ocrx_word' id='word_1_150' title='bbox 757 2981 877 3062; x_wconf 89' lang='lat' dir='ltr'>pariter</span> <span class='ocrx_word' id='word_1_151' title='bbox 891 2979 1045 3043; x_wconf 87' lang='lat' dir='ltr'>affirmant</span> <span class='ocrx_word' id='word_1_152' title='bbox 1066 2980 1115 3053; x_wconf 95' lang='lat' dir='ltr'>ii,</span> <span class='ocrx_word' id='word_1_153' title='bbox 1136 2985 1194 3069; x_wconf 90' lang='lat' dir='ltr'>qui</span> <span class='ocrx_word' id='word_1_154' title='bbox 1214 2983 1296 3050; x_wconf 86' lang='lat' dir='ltr'>hanc</span> 
     </span>
     <span class='ocr_line' id='line_1_25' title="bbox 257 3073 1298 3164; baseline 0.006 -24"><span class='ocrx_word' id='word_1_155' title='bbox 257 3090 370 3142; x_wconf 86' lang='lat' dir='ltr'>tenent</span> <span class='ocrx_word' id='word_1_156' title='bbox 391 3073 603 3160; x_wconf 88' lang='lat' dir='ltr'>opinionem,</span> <span class='ocrx_word' id='word_1_157' title='bbox 634 3074 762 3138; x_wconf 80' lang='lat' dir='ltr'>PLORI</span> <span class='ocrx_word' id='word_1_158' title='bbox 787 3083 928 3164; x_wconf 78' lang='lat' dir='ltr'>epitomen</span> <span class='ocrx_word' id='word_1_159' title='bbox 952 3078 985 3141; x_wconf 93' lang='lat' dir='ltr'>in</span> <span class='ocrx_word' id='word_1_160' title='bbox 1015 3099 1093 3150; x_wconf 84' lang='lat'>¹40·</span> <span class='ocrx_word' id='word_1_161' title='bbox 1119 3080 1220 3144; x_wconf 89' lang='lat' dir='ltr'>libros</span> <span class='ocrx_word' id='word_1_162' title='bbox 1240 3083 1298 3146; x_wconf 89' lang='lat' dir='ltr'>Ll-</span> 
     </span>
     <span class='ocr_line' id='line_1_26' title="bbox 256 3169 1296 3267; baseline 0.007 -29"><span class='ocrx_word' id='word_1_163' title='bbox 256 3174 317 3238; x_wconf 83' lang='lat' dir='ltr'>vll</span> <span class='ocrx_word' id='word_1_164' title='bbox 345 3173 398 3235; x_wconf 90' lang='lat' dir='ltr'>sub</span> <span class='ocrx_word' id='word_1_165' title='bbox 418 3169 608 3243; x_wconf 75' lang='lat' dir='ltr'>utrolicet,</span> <span class='ocrx_word' id='word_1_166' title='bbox 647 3175 824 3260; x_wconf 83' lang='lat' dir='ltr'>eodemque</span> <span class='ocrx_word' id='word_1_167' title='bbox 851 3177 950 3239; x_wconf 89' lang='lat' dir='ltr'>trium</span> <span class='ocrx_word' id='word_1_168' title='bbox 974 3176 1141 3240; x_wconf 87' lang='lat' dir='ltr'>Detadum</span> <span class='ocrx_word' id='word_1_169' title='bbox 1163 3183 1296 3267; x_wconf 68' lang='lat' dir='ltr'>registro</span> 
     </span>
     <span class='ocr_line' id='line_1_27' title="bbox 257 3261 1299 3361; baseline 0.007 -26"><span class='ocrx_word' id='word_1_170' title='bbox 257 3267 433 3359; x_wconf 80' lang='lat' dir='ltr'>impressam</span> <span class='ocrx_word' id='word_1_171' title='bbox 455 3261 566 3342; x_wconf 84' lang='lat' dir='ltr'>suiffe,</span> <span class='ocrx_word' id='word_1_172' title='bbox 593 3283 754 3358; x_wconf 89' lang='lat' dir='ltr'>tamquam</span> <span class='ocrx_word' id='word_1_173' title='bbox 774 3293 855 3359; x_wconf 88' lang='lat' dir='ltr'>opus</span> <span class='ocrx_word' id='word_1_174' title='bbox 878 3275 1096 3361; x_wconf 89' lang='lat' dir='ltr'>completum,</span> <span class='ocrx_word' id='word_1_175' title='bbox 1126 3292 1164 3340; x_wconf 89' lang='lat' dir='ltr'>ut</span> <span class='ocrx_word' id='word_1_176' title='bbox 1191 3277 1299 3344; x_wconf 89' lang='lat' dir='ltr'>veluti</span> 
     </span>
     <span class='ocr_line' id='line_1_28' title="bbox 256 3366 1299 3454; baseline 0.009 -20"><span class='ocrx_word' id='word_1_177' title='bbox 256 3391 353 3434; x_wconf 91' lang='lat' dir='ltr'>unum</span> <span class='ocrx_word' id='word_1_178' title='bbox 375 3388 490 3451; x_wconf 89' lang='lat' dir='ltr'>corpus</span> <span class='ocrx_word' id='word_1_179' title='bbox 513 3366 686 3452; x_wconf 86' lang='lat' dir='ltr'>separatum</span> <span class='ocrx_word' id='word_1_180' title='bbox 712 3369 885 3448; x_wconf 85' lang='lat' dir='ltr'>formaret,</span> <span class='ocrx_word' id='word_1_181' title='bbox 917 3395 986 3437; x_wconf 89' lang='lat' dir='ltr'>cum</span> <span class='ocrx_word' id='word_1_182' title='bbox 1016 3373 1048 3434; x_wconf 92' lang='lat' dir='ltr'>in</span> <span class='ocrx_word' id='word_1_183' title='bbox 1077 3381 1144 3454; x_wconf 85' lang='lat' dir='ltr'>ejus</span> <span class='ocrx_word' id='word_1_184' title='bbox 1173 3376 1232 3441; x_wconf 88' lang='lat' dir='ltr'>fine</span> <span class='ocrx_word' id='word_1_185' title='bbox 1251 3375 1299 3443; x_wconf 84' lang='lat' dir='ltr'>le·</span> 
     </span>
     <span class='ocr_line' id='line_1_29' title="bbox 255 3461 678 3556; baseline 0.005 -27"><span class='ocrx_word' id='word_1_186' title='bbox 255 3485 349 3556; x_wconf 73' lang='lat' dir='ltr'>gatus</span> <span class='ocrx_word' id='word_1_187' title='bbox 370 3464 532 3550; x_wconf 83' lang='lat' dir='ltr'>inscriptio</span> <span class='ocrx_word' id='word_1_188' title='bbox 559 3461 678 3531; x_wconf 71' lang='lat' dir='ltr'>solitas</span> 
     </span>
     <span class='ocr_line' id='line_1_30' title="bbox 321 3563 1293 3638; baseline 0.013 -13"><span class='ocrx_word' id='word_1_189' title='bbox 321 3565 442 3627; x_wconf 85' lang='lat' dir='ltr'>Pariter</span> <span class='ocrx_word' id='word_1_190' title='bbox 478 3584 533 3625; x_wconf 90' lang='lat' dir='ltr'>tur</span> <span class='ocrx_word' id='word_1_191' title='bbox 561 3563 592 3624; x_wconf 93' lang='lat' dir='ltr'>in</span> <span class='ocrx_word' id='word_1_192' title='bbox 621 3568 680 3628; x_wconf 89' lang='lat' dir='ltr'>fine</span> <span class='ocrx_word' id='word_1_193' title='bbox 710 3566 845 3630; x_wconf 88' lang='lat' dir='ltr'>vitarum</span> <span class='ocrx_word' id='word_1_194' title='bbox 875 3567 1115 3633; x_wconf 84' lang='lat' dir='ltr'><strong>PLUTARCHI</strong></span> <span class='ocrx_word' id='word_1_195' title='bbox 1147 3573 1293 3638; x_wconf 70' lang='lat' dir='ltr'>eodem</span> 
     </span>
     <span class='ocr_line' id='line_1_31' title="bbox 256 3661 1297 3753; baseline 0.004 -25"><span class='ocrx_word' id='word_1_196' title='bbox 256 3681 402 3746; x_wconf 86' lang='lat' dir='ltr'>tempore</span> <span class='ocrx_word' id='word_1_197' title='bbox 431 3661 591 3726; x_wconf 89' lang='lat' dir='ltr'>editarum</span> <span class='ocrx_word' id='word_1_198' title='bbox 616 3661 689 3726; x_wconf 84' lang='lat' dir='ltr'>haec</span> <span class='ocrx_word' id='word_1_199' title='bbox 714 3684 777 3726; x_wconf 92' lang='lat' dir='ltr'>non</span> <span class='ocrx_word' id='word_1_200' title='bbox 800 3663 899 3730; x_wconf 87' lang='lat' dir='ltr'>exstat</span> <span class='ocrx_word' id='word_1_201' title='bbox 926 3665 1142 3753; x_wconf 84' lang='lat' dir='ltr'>subscriptio,</span> <span class='ocrx_word' id='word_1_202' title='bbox 1173 3669 1227 3734; x_wconf 86' lang='lat' dir='ltr'>sed</span> <span class='ocrx_word' id='word_1_203' title='bbox 1253 3669 1297 3732; x_wconf 80' lang='lat' dir='ltr'>so-</span> 
     </span>
     <span class='ocr_line' id='line_1_32' title="bbox 254 3756 1295 3846; baseline 0.004 -22"><span class='ocrx_word' id='word_1_204' title='bbox 254 3760 323 3826; x_wconf 90' lang='lat' dir='ltr'>lum</span> <span class='ocrx_word' id='word_1_205' title='bbox 346 3756 416 3846; x_wconf 89' lang='lat' dir='ltr'>post</span> <span class='ocrx_word' id='word_1_206' title='bbox 442 3760 670 3845; x_wconf 79' lang='lat' dir='ltr'>praefationem</span> <span class='ocrx_word' id='word_1_207' title='bbox 691 3758 705 3828; x_wconf 71' lang='grc' dir='ltr'><em>ζ</em></span> <span class='ocrx_word' id='word_1_208' title='bbox 727 3763 866 3833; x_wconf 80' lang='lat' dir='ltr'>Aliunde</span> <span class='ocrx_word' id='word_1_209' title='bbox 890 3764 911 3829; x_wconf 85' lang='lat' dir='ltr'>sr</span> <span class='ocrx_word' id='word_1_210' title='bbox 935 3769 1163 3840; x_wconf 84' lang='lat' dir='ltr'>tresDecades</span> <span class='ocrx_word' id='word_1_211' title='bbox 1187 3766 1295 3832; x_wconf 87' lang='lat' dir='ltr'>conti-</span> 
     </span>
     <span class='ocr_line' id='line_1_33' title="bbox 1223 3883 1290 3930; baseline -0.03 -1"><span class='ocrx_word' id='word_1_212' title='bbox 1223 3883 1290 3930; x_wconf 85' lang='lat' dir='ltr'>nuo</span> 
     </span>
    </p>
   </div>
   <div class='ocr_carea' id='block_1_4' title="bbox 0 0 1572 4709">
    <p class='ocr_par' dir='ltr' id='par_1_4' title="bbox 0 0 1572 4709">
     <span class='ocr_line' id='line_1_34' title="bbox 0 0 1572 4709; baseline 0 0"><span class='ocrx_word' id='word_1_213' title='bbox 0 0 1572 4709; x_wconf 95' lang='lat' dir='ltr'> </span> 
     </span>
    </p>
   </div>
  </div>
 </body>
</html>
