3117 4709
200 443 207 454 .
267 386 319 473 ⁶4
391 383 488 455 -nn
512 381 878 478 'rinnonnrmn
911 388 1132 464 nonunt

265 517 1301 590 *ω

264 651 326 735 tio
354 655 452 748 825.
483 639 743 753 exemplaria
765 664 1072 745 numerantur,
1109 648 1179 754 qui
1202 650 1301 760 qui·

265 768 365 854 dein
397 772 592 849 numerus
617 761 776 846 indicat
811 759 1082 849 narrantium
1115 769 1297 854 tertium

265 880 382 970 soille
403 884 591 979 editum,
625 878 795 965 Sublaci
819 908 968 990 nempe
994 911 1104 966 anno
1131 885 1295 991 1465.,

263 1004 305 1087 &
349 1005 513 1086 Romae
557 998 931 1103 annis1468.,&
966 1026 1094 1107 1470.
1123 1003 1296 1089 Editio·

223 1139 226 1144 ·
263 1139 381 1218 παπ,
402 1127 441 1203 S·
476 1114 706 1231 Augustini
730 1118 781 1201 de
814 1120 992 1210 ciuitate
1029 1121 1111 1202 Dei
1152 1121 1306 1232 tripti-

263 1265 356 1323 cem
390 1264 556 1352 quoque
586 1256 842 1336 numerant,
877 1263 1028 1345 nempe
1054 1234 1299 1324 Sublacem

262 1352 476 1456 lemanni
512 1354 666 1463 1467.‚
699 1357 738 1436 &
764 1352 866 1438 duas
906 1356 1119 1440 Romanas
1160 1384 1297 1442 anno·

261 1500 355 1560 rum
389 1477 548 1584 1468.,
580 1477 620 1554 dr
651 1497 777 1581 1470·
807 1470 1032 1558 Librorum
1063 1475 1191 1559 etiam
1220 1478 1297 1563 Οἱ-

261 1595 421 1680 cerouls
448 1594 501 1676 de
530 1596 710 1674 Oratore
739 1592 993 1700 exemplaria
1009 1613 1035 1692 5
1042 1617 1113 1697 50·
1142 1622 1295 1680 nume·

262 1733 444 1814 rantur,
489 1737 617 1823 eaque
647 1705 698 1793 ad
725 1709 958 1795 editionem
993 1707 1291 1799 Sublacensem

259 1827 535 1928 reseruntur,
572 1832 610 1909 dc
645 1827 697 1911 ad
742 1831 983 1914 Romanam
1024 1831 1121 1912 anni
1158 1834 1292 1942 1469.

253 1939 374 2031 llaec
408 1977 508 2033 vero
537 1945 773 2032 luculenter
804 1946 1114 2031 confirmantur
1144 1949 1291 2033 auno-
1349 1982 1353 1988 ·

258 2067 388 2149 ritate
405 2066 604 2176 Gospurt‘s
629 2061 855 2167 Veronensis
877 2063 996 2169 supra
1017 2065 1149 2149 citata
1162 2062 1287 2179 (99),

194 2203 196 2208 ’
257 2183 332 2265 ubi
368 2181 581 2265 recensens
610 2195 693 2259 tres
724 2182 883 2289 priores
914 2180 1041 2267 libros
1078 2210 1102 2264 a
1139 2184 1286 2292 primis

257 2296 555 2409 Typographis
587 2298 789 2380 Romanis
820 2297 992 2391 editos,
1029 2319 1112 2383 tres
1140 2300 1287 2386 Subla·

256 2417 298 2502 ci
333 2413 545 2526 impreslos
591 2412 723 2518 reipsa
766 2444 816 2499 ex
863 2414 1013 2500 ordine
1059 2418 1282 2505 nominat.

130 2601 133 2606 .
254 2539 377 2652 Quae
407 2561 504 2617 cum
524 2534 584 2615 ita
615 2531 721 2629 stnt,
757 2528 880 2617 facile
912 2534 1015 2617 mibi
1034 2533 1283 2638 persuadeo,

84 2741 90 2752 „
128 2753 134 2759 ἢ
256 2648 525 2750 conradum,
562 2651 598 2731 Sc
630 2651 861 2734 Aruoldum
892 2650 1098 2758 adjundtis
1130 2653 1204 2738 fibi
1240 2685 1286 2740 o·.

252 2772 428 2888 peratiis
471 2772 513 2851 in
558 2768 813 2851 Monasterio
855 2767 1089 2853 Sublacensi
1125 2755 1284 2881 ‘praela

252 2883 495 2988 adornasse,
529 2914 553 2972 e
588 2885 735 2996 quibus
779 2884 996 2999 sequentes
1042 2885 1138 2977 libri
1180 2916 1284 3006 pro·

285 3036 403 3094 tere.

253 3010 281 3096 d
310 3097 498 3210 Donatus
522 3142 609 3236 pro⁸
629 3122 823 3232 puerulis
850 3122 1014 3237 (100),
1048 3121 1168 3234 cujus
1195 3147 1281 3212 tet·

1184 3271 1282 3331 cen·

296 3481 374 3564 (99)
400 3480 513 3566 Capite
541 3481 677 3543 secundo
705 3503 775 3570 pag.
795 3506 850 3547 22.

296 3578 395 3661 (100)
422 3578 512 3641 Hunc
538 3578 648 3642 ordine
685 3578 821 3665 primunr
847 3577 1007 3665 appellant
1044 3581 1077 3645 in
1103 3582 1208 3651 indice
1235 3584 1278 3651 li-

245 3674 416 3737 broruma
448 3670 478 3739 se
507 3677 705 3762 vulgarorum
735 3675 830 3762 usque
865 3678 905 3739 ad
936 3698 1006 3762 ann.-
1041 3702 1166 3757 ¹47¹„
1192 3680 1276 3749 licet
1341 3721 1348 3730 ·

242 3769 300 3836 buc
332 3769 426 3860 usque
451 3795 470 3835 a
501 3774 628 3842 nemine
661 3770 745 3841 visus
776 3772 896 3842 suerit.
921 3775 1019 3874 Qud
1044 3780 1129 3846 enirn
1152 3779 1194 3844 de
1217 3779 1272 3842 Bi-

1184 3875 1269 3941 blt'o·
