3117 4709
75 4100 176 4258 ἢ

204 404 277 481 ¹34
406 374 612 454 auoux
654 377 999 459 aiuaonuu

255 653 315 735 M·
332 649 381 730 T.
396 647 657 731 Crceuoure
680 639 963 751 Philippicae,
991 667 1089 730 cum
1105 673 1232 755 prae-

196 765 358 855 fatione
396 763 603 868 Campani
642 757 695 843 ad
730 756 947 843 Cardinal.
984 761 1234 867 papiensem

316 881 452 991 Aqfer
480 876 657 990 Tarpeii
697 871 819 986 crassos
845 885 938 966 Θτ.
974 881 1014 962 in
1034 874 1114 966 fol.
1136 881 1237 995 (d).

255 1011 444 1120 Jusmtu
477 999 670 1082 historiae
700 1022 749 1080 ex
782 996 930 1106 Trogo
963 999 1167 1109 Pompeio
1185 1004 1231 1086 in

195 1127 414 1237 epitomen
451 1115 647 1202 redactae
679 1166 695 1213 ,
750 1116 790 1196 &
830 1111 946 1198 libras
976 1120 1130 1204 XLIV·
1164 1120 1236 1205 di.

195 1243 394 1329 stinstae·

310 1352 451 1469 Anser
475 1350 651 1463 Tarpeii
682 1347 803 1437 custos
830 1361 921 1443 &a

312 1476 468 1559 Omnia
495 1471 632 1554 vincit
654 1469 795 1555 homo.
850 1473 891 1554 in
920 1466 1108 1585 f01.().

1146 1596 1229 1705 J,

191 1817 281 1905 quod
301 1816 375 1881 anni
396 1831 475 1881 nota
490 1815 673 1905 signentur,
698 1815 856 1889 referam,
887 1810 966 1879 tales
992 1813 1063 1878 suut
1081 1859 1094 1891 ,
1120 1830 1159 1881 ut
1179 1817 1231 1883 ul.

189 1931 242 1979 tra
264 1935 337 1979 ann.
365 1935 467 1992 ¹470·
499 1913 600 1978 nullus
643 1931 752 1988 eorum
784 1911 928 1997 potuerit
952 1912 1128 1998 imprimi,
1169 1914 1225 1984 sed

190 2013 394 2077 currentibus
421 2026 547 2075 tantum
569 2010 658 2073 annis
688 2016 793 2089 1469.
806 2053 817 2082 ,
842 2008 876 2071 &
903 2031 956 2085 70.
982 2011 1080 2104 Quod
1097 2033 1231 2101 genera.

190 2110 268 2177 liter
309 2112 408 2175 debet
440 2109 576 2198 intelligi
600 2110 640 2172 (le
670 2105 761 2171 libris
797 2108 971 2185 omnibus,
996 2112 1051 2174 ubi
1078 2112 1227 2190 adiacent

189 2224 328 2295 quatuor
351 2208 540 2271 CAMPANI
575 2203 682 2270 versus
706 2224 716 2266 t
741 2206 845 2293 Anser
873 2208 997 2294 Tarpeii
1018 2212 1109 2276 cums
1134 2209 1227 2289 &c.,

191 2326 328 2393 quorum
360 2309 493 2369 sormam
521 2303 651 2368 ineunte
689 2301 796 2366 mense
827 2305 973 2375 Januario
1015 2306 1088 2371 anni
1125 2331 1229 2385 1471.

186 2405 327 2468 mutavit
350 2399 525 2467 ULRICUS
550 2401 638 2466 HAN
664 2415 797 2486 propter
835 2398 999 2467 discessum
1022 2403 1231 2483 CAMPANI,

188 2513 247 2568 nec
269 2500 405 2587 amplius
434 2498 519 2564 ultra
545 2499 684 2566 revixit.
711 2497 823 2562 Exstat
848 2501 881 2564 in
913 2500 1112 2569 Bibliotheca
1144 2505 1226 2568 Ara·

188 2597 367 2674 c'aelitana,
387 2599 519 2683 &apud
539 2603 676 2663 Sentium
702 2597 837 2663 Mariam
852 2601 892 2666 de
916 2600 1038 2688 Populo
1062 2646 1071 2666 .
1106 2602 1225 2666 PAUL-

186 2696 261 2762 LUS
280 2713 387 2762 autem
415 2698 476 2760 DE
501 2697 664 2762 snucTn
689 2696 855 2772 MARIA,
882 2700 946 2762 sive
967 2700 1144 2765 PAULLUS
1161 2702 1224 2765 DE

187 2794 339 2860 BURGO
368 2793 522 2883 Hispanus
556 2817 596 2862 ex
631 2795 751 2864 Judaeo
789 2792 982 2861 Christianus
1016 2801 1115 2864 fabius
1141 2820 1224 2865 anno

191 2914 295 2975 1390.
319 2890 426 2980 postea
446 2914 570 2959 creatus
594 2893 638 2958 est
662 2890 914 2980 Chartaginensis
942 2895 1147 2984 Episcopus,
1175 2921 1230 2962 va-

189 2992 309 3082 riisque
336 2990 509 3057 honoribus
532 3015 551 3055 a
573 2991 715 3081 Regibus
741 2990 909 3078 Hispaniae
935 2996 1107 3059 decoratus
1139 2994 1224 3062 obiit
1264 3008 1269 3017 ’

184 3109 266 3155 anno
295 3111 398 3173 1435.
479 3116 482 3123 *

233 3191 281 3278 (d)
308 3189 531 3260 Praemittitur
568 3185 760 3253 CAMPANI
795 3192 987 3273 praefatio,
1029 3191 1222 3259 terminatur

183 3288 299 3375 absque
322 3287 398 3350 anni
419 3304 527 3359 nota,
550 3286 672 3353 &cum
694 3285 922 3371 subscriptione
951 3290 1044 3354 solita
1066 3289 1158 3376 supra
1173 3314 1221 3357 re·

184 3385 250 3452 lata
282 3389 323 3449 ad
349 3383 546 3448 PAULLUM
560 3386 622 3447 DE
638 3385 802 3452 SANCTA
832 3387 996 3463 MARIA,
1020 3407 1113 3475 quarn
1142 3388 1222 3455 folio

183 3482 328 3572 sequenti
370 3480 570 3568 subsequitur
610 3486 765 3569 regislrum
793 3486 1042 3571 signaturarum.
1065 3484 1178 3553 Exstat
1188 3513 1224 3553 a·

181 3584 247 3671 pud
272 3581 430 3646 Abbatem
463 3581 526 3645 DE
550 3582 669 3649 ROSSI
695 3605 792 3648 renum
816 3584 958 3673 optimae
1001 3583 1219 3652 conservatio·

185 3703 269 3748 nis·
312 3704 313 3707 ’

195 3789 197 3794 ’
231 3780 276 3867 (e)
299 3774 411 3865 Aliqui
443 3776 621 3847 editionem
647 3777 838 3876 JENSQNII
868 3778 941 3845 anni
971 3803 1073 3863 ¹470·
1102 3778 1220 3849 babent

1162 3899 1222 3967 pro
