3117 4709
239 369 288 472 5⁸
395 350 848 436 ourrnoorrnrurn
882 348 1104 424 nonnum

261 480 1260 566 Μ

241 648 373 741 gens,
406 617 447 698 in
486 612 564 697 suis
609 607 794 721 epistolis
826 607 1150 718 Typographiae
1181 602 1270 715 jam

239 745 293 830 ab
327 762 437 822 anno
475 734 598 841 1465.
641 724 875 812 Mediolani
904 725 1120 809 institutae
1154 751 1273 810 men·

240 865 402 950 tionem
428 877 508 936 non
529 840 895 961 praetermifillet.
926 845 977 928 Et
999 837 1170 926 aliunde
1199 866 1274 925 an·

241 1010 299 1066 no
337 994 460 1077 1475.
488 967 726 1073 Scriptores
760 958 828 1045 illi
856 960 1049 1048 historiae
1074 957 1272 1074 augustae

242 1089 481 1186 Mediolani
522 1081 655 1195 reipsa
683 1079 868 1192 impressi
891 1077 1020 1182 lunt,
1054 1082 1094 1164 &
1134 1078 1273 1166 editio

240 1212 317 1301 illa
356 1207 567 1292 neminem
610 1198 825 1287 eruditum
866 1194 1008 1309 latet3
1037 1197 1080 1281 in
1123 1197 1274 1284 multis

242 1332 356 1420 enim
376 1321 640 1409 bibliothecis
672 1318 910 1426 reperitur.
936 1314 1128 1401 Tandem
1151 1314 1272 1426 quod

243 1450 360 1535 suam
385 1440 637 1529 sententiam
668 1434 882 1543 tempori,
915 1461 964 1518 ac
992 1433 1138 1520 itineri
1168 1438 1273 1518 Con·

149 1548 152 1553 ’
244 1563 371 1659 radi,
407 1562 446 1642 8<
477 1554 655 1642 Arnoldt'
689 1552 820 1665 magis
850 1554 1178 1638 convenientem
1209 1546 1274 1637 af·

246 1682 390 1769 brrnet
424 1678 607 1774 Satrius,
653 1698 817 1755 merum
859 1670 915 1756 ell
956 1668 1115 1782 ingenii
1153 1696 1275 1756 com·

247 1806 469 1887 mentum.
507 1789 725 1906 Numquid
758 1789 870 1875 enim
900 1787 966 1872 illi
1001 1786 1277 1901 Typographi

183 1911 190 1926 '
247 1920 330 2005 iter
352 1913 552 2002 facientes
582 1911 724 2023 praela
755 1935 955 1995 exercere
978 1908 1163 2006 debuere
1187 1911 1277 1994 Me·

248 2034 411 2121 diolani
453 2034 627 2144 potius,
658 2055 783 2142 quam
822 2032 1029 2125 Genuae,
1068 2027 1274 2127 Taurini,

247 2159 453 2251 Parmae,
477 2155 516 2231 ὅ(
538 2148 686 2233 cereris
701 2147 741 2227 in
759 2144 958 2241 urbibus,
976 2172 1081 2258 quae
1097 2144 1275 2255 quidem

249 2268 543 2384 Typographis
581 2266 632 2349 ad
680 2261 981 2347 Monasterium
1024 2261 1279 2351 sublacense

247 2396 332 2481 iter
361 2388 528 2471 fulturis
559 2381 735 2498 perinde
763 2382 1076 2467 occurrebant.
1106 2382 1278 2516 Slc¹¹¹¹J

1143 2527 1280 2586 omnu-

256 2764 380 2832 diolani
407 2761 622 2851 impreffarurn
635 2808 649 2841 ,
674 2762 843 2851 suppositia
868 2766 912 2833 est
926 2811 938 2842 ,
965 2768 1040 2856 quia
1068 2788 1132 2832 non
1162 2765 1280 2857 allega·

250 2881 307 2930 rur
338 2888 356 2927 a
386 2862 515 2929 SAXIO
531 2906 543 2937 ‚
569 2883 627 2928 nec
667 2860 728 2925 alia
762 2862 912 2931 innititur
944 2864 1161 2939 annositate,
1184 2883 1283 2952 quam

249 2960 516 3036 BEUGHEMII‚
542 2982 623 3048 quae
647 2960 710 3025 sola
726 2961 842 3027 nullius
864 2961 909 3030 est
927 2966 1099 3051 ponderis.
1120 2964 1209 3028 ldem
1227 2964 1279 3027 di·

220 3123 222 3127 .
250 3062 384 3129 cendum
404 3061 444 3123 de
461 3055 703 3124 PLUTARCHI
717 3061 870 3145 operibus
891 3060 990 3127 latine
1015 3062 1108 3150 impr.
1119 3060 1281 3126 Mediola-

248 3161 283 3227 ni
306 3165 540 3235 ann01467.,
566 3158 600 3221 ὅτ
614 3161 654 3224 de
680 3157 986 3225 XENOPHONTIS
1007 3159 1208 3246 Cynopaedia
1238 3178 1280 3223 ex

251 3258 394 3323 serlione
419 3253 638 3320 FRANCISCI
657 3256 884 3320 PHILELPHI
911 3264 1013 3334 1467.
1025 3300 1038 3331 ‚
1059 3277 1196 3344 quorum
1214 3277 1286 3323 ver·

250 3355 347 3419 saonis
370 3374 469 3417 annus
499 3373 559 3438 pro
584 3375 625 3418 eo
649 3354 856 3440 impretbonis
894 3352 1022 3418 habitus
1056 3353 1120 3431 est,
1145 3371 1182 3419 ut
1208 3373 1288 3422 cous

249 3450 310 3517 stat
343 3473 380 3515 ex
411 3450 548 3537 catalog.
576 3451 719 3516 SMITH.
745 3474 818 3541 pag.
843 3473 921 3535 5¹3·
953 3452 1041 3517 Idem
1068 3453 1120 3517 dic
1147 3456 1188 3519 de
1210 3454 1283 3516 BA·

248 3549 424 3613 PTISTAE
450 3547 625 3612 FULGOSI
648 3566 778 3615 anteros
799 3550 895 3634 impr.
909 3552 993 3634 apud
1018 3549 1183 3616 PACHEL
1207 3569 1281 3617 ann.

251 3655 357 3725 1469.
389 3650 488 3710 Error
516 3646 599 3710 enim
628 3646 777 3732 prouenit
810 3670 849 3712 ex
888 3648 1038 3712 cifrarunr
1076 3649 1280 3722 inversione,

244 3745 321 3833 quia
348 3742 513 3810 PACHEL
542 3744 642 3829 reipsa
662 3766 744 3811 anno
765 3752 868 3825 1496.
889 3746 1005 3808 librum
1038 3746 1118 3812 hunc
1144 3743 1279 3836 impres·

243 3839 347 3914 fin&
367 3840 543 3912 Mediolani
567 3862 648 3912 anno
673 3850 777 3926 14⁷⁸·
803 3844 912 3932 coepit
938 3845 1135 3932 imprimere.
1327 3836 1329 3840 ’

75 4067 210 4223 ,Ἴ
340 4221 342 4225 ,
