3117 4709
253 407 301 485 52
408 386 473 460 nr
499 376 864 458 rimantium
897 375 1114 461 notrum

248 505 1263 582 m

189 597 195 622 ι
247 634 352 742 phos
380 624 541 713 tardius
573 630 844 735 apparuerit,
877 654 960 710 non
998 657 1148 741 patum
1188 628 1276 718 dif-

247 745 496 842 ficultatis,
538 745 626 828 imo
670 772 752 830 non
786 746 1039 831 mediocrem
1086 743 1273 836 falsitatis

245 867 516 979 suspicionem
556 859 747 948 inducit.
778 870 900 985 Qae
931 891 1029 950 cuni
1056 866 1118 949 ita
1154 865 1271 969 suit,

246 988 318 1072 sua
347 980 458 1097 apud
487 1005 632 1065 omnes
658 979 829 1072 admissa
858 978 1016 1081 laude,
1049 986 1276 1094 &epocha

246 1104 412 1190 fruatur
444 1101 539 1184 urbs
566 1100 830 1186 Bononiensis
872 1100 969 1184 anni
1012 1124 1135 1206 ¹47¹·
1167 1109 1273 1228 Qo

248 1243 391 1307 autem
423 1214 598 1325 positive
631 1244 740 1302 anno
782 1218 1024 1302 Domlnlcus
1056 1217 1108 1300 de
1147 1223 1275 1330 Lapis

247 1339 360 1423 suam
394 1333 576 1422 ediderit
609 1335 838 1417 Ptolemaei
858 1332 1272 1448 Cosmogiaphiam,

246 1458 361 1541 dictu
400 1448 701 1540 difficillimum
734 1453 821 1535 est.

306 1575 351 1658 Si
371 1570 549 1676 Georgia
569 1553 763 1652 Martiae
789 1571 983 1656 Raidelt‘o
1000 1569 1129 1683 (77),
1162 1574 1275 1660 mul·

247 1687 384 1803 tisqne
413 1685 503 1773 aliis
519 1682 719 1772 litteratis
741 1691 840 1773 viris
870 1689 994 1775 fidem
1024 1693 1271 1793 habeamus,

249 1836 406 1895 annum
446 1807 574 1910 1432·
605 1802 918 1918 assignabimus.
952 1811 995 1894 Si
1029 1839 1139 1896 ,veto
1173 1812 1275 1897 cha·

246 1932 455 2013 caeterum
486 1923 719 2010 ruditatem
756 1928 1057 2030 attendamus,
1093 1930 1194 2013 haec
1230 1959 1275 2018 e·

246 2047 356 2129 ditio
383 2046 437 2128 ad
464 2068 621 2125 annum
650 2043 821 2127 circiter
853 2046 981 2153 1476.
1014 2044 1271 2157 rejicienda.

245 2166 371 2249 Licet
393 2182 536 2246 autem
565 2158 608 2239 in
639 2159 792 2241 tabulis
824 2166 1118 2274 geographicis
1149 2164 1272 2276 hujus

248 2278 447 2365 editionis
501 2302 548 2357 ea
592 2272 855 2362 desideretur
895 2280 1147 2391 elegantia,
1191 2310 1272 2396 qua

246 2394 388 2507 fulget
411 2396 605 2477 Romana
621 2394 717 2476 anni
739 2399 892 2502 1478·,
919 2416 1107 2484 attamen
1127 2427 1283 2504 earum

246 2508 524 2621 compositio,
558 2536 606 2594 ac
625 2504 765 2596 forma
787 2514 848 2597 ita
876 2512 1086 2624 singularis
1110 2518 1196 2618 est,
1224 2540 1271 2606 ut

242 2634 287 2716 in
328 2634 408 2717 hoc
455 2654 609 2740 genere
660 2629 759 2714 nihil
798 2628 992 2743 infignius
1032 2632 1266 2736 exstiterit,

210 2765 214 2774 ’
241 2748 427 2863 ideoque
457 2774 532 2857 pio
565 2745 777 2855 picturae,
811 2751 851 2831 dc
882 2749 1119 2859 sculpturae
1143 2752 1272 2835 histo·

244 2869 306 2952 ria
337 2863 649 2951 defideratetur
693 2867 915 2966 eruditus,
962 2870 1034 2979 qui
1063 2868 1272 2976 compofi.

245 2987 406 3073 tionem
435 2987 539 3067 hanc
565 3008 825 3086 exponeret.
856 2986 942 3104 Qi
965 3006 1106 3071 autem
1135 2988 1272 3084 ratio·

147 3215 154 3230 „
244 3104 299 3187 ris
334 3102 456 3214 hujus
495 3098 652 3186 cimelii
696 3104 894 3191 notitiam
935 3100 1268 3208 desideraverit,

1165 3249 1270 3309 cun·

289 3583 365 3666 (77)
391 3586 425 3648 ln
444 3587 637 3651 contuentur.
671 3584 824 3651 Hlilorlcu
849 3580 1005 3648 litterario
1041 3586 1075 3649 de
1113 3577 1268 3645 PTOLE·

238 3678 348 3750 MAEI
376 3680 595 3765 Geogrupbi‘a,
627 3684 743 3770 ejusque
766 3679 911 3746 codlclbui
934 3693 996 3742 tum
1028 3680 1264 3765 multisonus,
1297 3693 1317 3766 '-

238 3777 507 3964 plulumpai'gnpgessii·
529 3776 721 3866 Norlbtrgue
745 3776 838 3914 impr.
861 3794 932 3840 ann.
949 3795 1053 3866 1737.
1076 3776 1111 3840 in
1131 3800 1165 3852 4.
1191 3795 1264 3863 cap.

75 4053 207 4239 :a
