3117 4709
268 413 340 491 166
493 403 692 480 INDEX
721 408 1064 485 LIBRORUM

263 543 1288 624 ...ψη-...Ἣ-

279 699 283 706 ·
322 676 484 762 Puturr
523 670 700 753 Orrnrr
752 674 975 757 Ntsorrrs
1013 697 1142 780 opera
1186 700 1285 760 cum

259 791 445 906 Epistoia
468 787 563 902 Joh.
603 788 799 872 Andreae
823 799 871 871 ad
906 791 1078 874 Paulum
1109 792 1170 874 11.
1227 845 1232 858 ·

375 907 540 1022 Aspicis
569 901 754 1019 illustris
793 901 937 991 Lector
954 958 1141 990 .......

374 1070 648 1103 ·······
680 1022 948 1109 contribuere
972 1027 1165 1111 domum.

258 1148 301 1229 tn
341 1141 418 1230 ror.
458 1141 584 1226 romi
613 1139 699 1225 duo
730 1141 844 1257 (f).

1096 1268 1153 1348 M.
1170 1265 1289 1352 Tur.-

255 1467 295 1522 ut
315 1455 485 1522 contendit
506 1450 681 1516 DEBURE
705 1454 785 1521 Tora.
809 1457 864 1521 III.
889 1475 966 1518 num,
984 1444 1110 1533 2793„
1138 1449 1191 1515 sed
1215 1449 1285 1515 LA·

257 1555 345 1620 VER
362 1553 395 1616 in
421 1554 600 1619 Monatterto
622 1555 654 1618 S.
679 1555 809 1639 Eusebir'
828 1548 904 1614 hanc
925 1549 1062 1638 vulgarit
1074 1591 1086 1622 ,
1111 1564 1181 1611 tum
1208 1550 1285 1636 quia

255 1645 496 1718 POMPONIUS
511 1645 611 1735 praeli
639 1648 815 1713 LAVERII
832 1663 908 1712 erat
929 1649 1064 1713 director
1075 1691 1086 1722 ,
1112 1660 1184 1710 turn
1207 1648 1287 1735 quia

254 1747 437 1814 adversatur
470 1746 564 1811 index
589 1745 739 1811 librorum
763 1748 801 1811 ab
834 1746 898 1809 iilis
925 1746 1092 1831 opificibus
1119 1740 1285 1831 impresso·

254 1868 326 1912 rum
364 1844 460 1931 usque
497 1846 536 1908 ad
562 1864 674 1908 annum
703 1868 806 1921 ¹47¹·
836 1843 962 1907 Librum
989 1841 1070 1906 hunc
1098 1842 1283 1931 ignorarunt

256 1962 368 2012 omnes
390 1939 631 2032 Bibliographi,
658 1940 854 2007 DEBURIO
885 1958 1051 2024 excepto,
1076 1960 1132 2005 nce
1156 1938 1217 2005 huc
1233 1937 1282 2003 us-

254 2066 317 2131 que
338 2039 424 2105 aliud
444 2039 604 2126 exemplar
627 2040 806 2128 agnoscitur
830 2054 956 2126 praeter
981 2036 1087 2112 illud,
1111 2033 1202 2126 quod
1225 2058 1281 2102 ex·

253 2141 313 2208 stat
338 2139 371 2204 in
392 2134 591 2201 Bibliotheca
610 2138 709 2225 Regia
730 2136 874 2202 Parisiis.
897 2136 1046 2200 Eruditis
1068 2152 1181 2200 notum
1194 2153 1276 2205 erat,

253 2234 511 2303 POMPONIUM
543 2233 780 2299 lucubrationes
802 2230 931 2297 edidisse
955 2233 987 2297 in
1020 2233 1187 2310 sulum,
1225 2233 1278 2297 sed

253 2335 332 2401 bunc
358 2329 511 2417 usquein
535 2330 676 2394 tenebris
702 2332 888 2406 latuerant,
916 2334 1042 2417 dequo
1067 2333 1277 2419 conqueritur

253 2427 465 2497 FABRICIUS
493 2429 645 2494 cuturn.
670 2433 796 2496 Latinae
823 2431 880 2493 sib.
898 2431 938 2494 ΙΙ.
953 2444 1017 2516 rap.
1031 2433 1086 2497 IX.
1113 2452 1203 2498 novae
1216 2434 1275 2502 rdi-

256 2535 333 2598 tlon.
360 2526 442 2593 rom.
466 2528 506 2591 ΙΙ.
524 2544 594 2614 pag.
615 2546 694 2602 ¹74·
1083 2554 1085 2558 ,

299 2624 360 2713 (f)
385 2622 550 2687 Editionis
577 2621 666 2700 hujns
695 2622 859 2688 rarissimae
876 2623 995 2689 Tomos
1015 2626 1043 2689 1.
1060 2623 1192 2690 exhibet
1209 2641 1280 2690 tao-

252 2726 322 2787 tunr
348 2720 418 2785 XV.
445 2724 552 2786 Libros
578 2724 886 2808 Metamorphoseon‚
913 2723 1030 2808 quibus
1056 2725 1278 2809 praemittitur

251 2821 344 2891 JOH.
365 2817 575 2880 ANDREAE
613 2820 653 2882 ad
684 2818 876 2883 PAULLUM
905 2819 946 2883 ΙΙ.
983 2819 1116 2907 epistola
1144 2846 1164 2884 a
1184 2823 1280 2888 Card.

252 2914 452 3011 QJIRINIO
465 2931 535 3002 pag.
560 2923 639 2994 169.
656 2915 777 2991 relata,
802 2937 884 3004 quae
907 2918 948 2982 src
969 2917 1159 2984 terminatur
1173 2938 1187 2984 τ
1208 2926 1282 2989 Gur·

206 3098 208 3102 ,
251 3031 317 3085 trra
343 3019 440 3083 omnic
463 3011 569 3080 Poetae
605 3030 691 3097 opero
722 3032 834 3102 quanto
856 3036 929 3081 cura
949 3015 1093 3104 poffunmr
1126 3038 1279 3105 congrega·

251 3135 338 3186 mur,
360 3127 397 3178 ut
422 3112 571 3201 lertlfflmur
594 3108 680 3177 Vates
702 3115 736 3176 sn
756 3115 866 3180 duobus
891 3115 948 3201 legi
972 3129 1050 3181 rotor
1076 3120 1276 3181 oolrnnc'm'bur

243 3217 351 3303 pofflt.
379 3214 489 3277 Romae
517 3209 622 3296 quinto
637 3214 740 3276 decimo
768 3209 874 3276 Kalen.
892 3215 1008 3297 cogniti
1020 3213 1277 3283 MCCCCLXXI.

224 3311 441 3396 'Pontificctrcs
483 3310 533 3370 rui
578 3309 762 3398 candidifflmi
802 3331 853 3374 nn.
889 3306 957 3378 Vir.
993 3308 1155 3373 Volumini
1199 3330 1278 3374 vero

249 3408 343 3469 finem
368 3404 504 3489 imponit
529 3400 624 3465 solita
649 3402 838 3491 subscriptio
860 3405 921 3469 sine
951 3422 1029 3469 nota
1065 3409 1162 3474 anni.
1188 3410 1276 3473 Tum

248 3504 291 3567 11.
317 3502 437 3565 Tornus
466 3500 610 3564 continet
634 3503 752 3589 Elegiur
785 3509 818 3569 de
844 3508 923 3575 Arre
942 3507 1089 3581 circandi,
1109 3491 1277 3581 Fusium,

246 3605 279 3669 de
304 3603 424 3666 remedio
447 3601 579 3671 amoris,
613 3602 842 3687 consolationem
873 3606 910 3667 nd
943 3604 1275 3688 Liviom,'Ep1tsolnr

248 3699 412 3770 Heroides,
441 3699 520 3761 ibim
531 3738 542 3769 ,
569 3699 676 3764 Libros
698 3699 856 3774 trittium,
883 3694 919 3767 θ’
940 3701 1064 3768 Fatus.
1089 3698 1181 3763 Licet
1203 3699 1274 3762 nui-

246 3795 278 3859 11
309 3792 437 3857 omnino
456 3808 458 3811 ·
478 3790 578 3857 exstet
620 3793 665 3859 ibi
703 3793 927 3881 subscriptio,
966 3817 1024 3862 nec
1065 3813 1143 3861 nota
1182 3795 1275 3873 loci,

636 3918 638 3922 ’
1202 3912 1278 3961 anns
