3117 4709
370 411 580 490 entur
610 415 941 519 Qtnnrunr
1121 434 1178 508 95-

150 559 1172 639 ω’

143 686 285 773 larunt
317 686 462 772 officio
490 681 804 796 fungebantur,
841 688 916 772 vili
947 691 1086 797 pretio
1120 688 1175 773 li·

141 809 243 892 bros
279 807 491 903 vendere,
526 829 598 892 aut
642 832 712 889 eos
757 801 913 891 diutius
951 806 1175 894 adservare

138 922 301 1023 coam,
320 921 412 1010 aliis
432 917 706 1034 suscipiendis
724 920 935 1012 laboribus
951 925 1173 1035 Typogra·

136 1043 275 1150 phicis
303 1039 485 1150 impares
520 1037 787 1139 evadebant,
821 1042 929 1125 adeo
973 1063 1020 1128 ut
1066 1039 1172 1126 nulli

136 1185 253 1242 novo
283 1158 402 1269 operi
429 1151 516 1242 'sese
544 1159 765 1268 accingere
790 1157 1025 1246 auderent.
1060 1161 1175 1254 Hinc·

136 1303 291 1368 eorum
312 1272 447 1386 major
467 1300 558 1384 pars
575 1272 718 1387 praela
741 1277 1175 1385 portatilia-circumc:

138 1388 370 1492 ferebant,
402 1396 441 1475 &
483 1393 591 1476 nacti
639 1392 854 1480 litterator
897 1394 1046 1495 viros,
1093 1395 1175 1508 qui

137 1512 324 1624 propriis
345 1511 577 1624 sumptibus
597 1509 666 1596 sua
690 1514 866 1601 ederent
889 1539 1051 1623 opera,
1076 1533 1168 1600 tan·

134 1629 237 1714 dem
278 1627 423 1741 praelo
468 1656 637 1717 ntanunt
674 1630 988 1727 admovebant,
1025 1631 1167 1716 statim

135 1775 183 1830 ac
211 1767 357 1858 parata
383 1746 763 1832 subministraretur
788 1748 986 1856 pecunia.
1020 1753 1164 1861 Quare

131 1858 285 1949 saelum
302 1863 386 1963 est,
421 1884 466 1948 ut
494 1863 624 1975 aliqui
644 1862 738 1947 libri
766 1867 807 1947 in
828 1865 960 1946 dorno
984 1863 1035 1946 dt
1065 1865 1165 1945 Citr-

131 1980 317 2101 quinis,
351 1983 423 2070 alii
457 1984 498 2066 in
528 1981 660 2066 domo
688 1980 738 2065 dt
772 1979 1006 2081 sudariis,
1040 1985 1079 2064 δε
1103 1982 1163 2068 ira

1108 2105 1169 2187 de

131 2334 297 2402 SIMIRUS
317 2360 358 2402 ex
377 2339 489 2405 ordine
510 2339 671 2402 Minornm
688 2337 721 2401 in
737 2325 910 2410 tibrosscui
935 2334 1074 2400 titulus:
1093 2337 1162 2402 Mt-

129 2438 225 2503 morit
248 2438 387 2503 iiiorichr
410 2441 489 2505 delio
514 2439 640 2524 Chicsa,
667 2459 682 2503 t
706 2441 853 2506 Conntuto
876 2440 909 2508 di
935 2438 1030 2504 Santu
1050 2435 1162 2516 Marta

130 2534 167 2598 in
188 2541 261 2606 Ata
287 2538 396 2611 Coeli,
421 2535 513 2624 impr.
530 2535 651 2599 Romae
672 2540 775 2616 ¹73⁶·
798 2535 831 2596 in
853 2558 887 2606 4.
906 2554 975 2621 pag.
993 2553 1074 2613 325.
1099 2534 1160 2592 An-

129 2649 173 2714 uo
214 2630 314 2696 etiam
341 2653 444 2712 ¹50¹·
481 2627 585 2698 missae
618 2631 709 2710 lrnjns
744 2645 890 2696 cantatae
921 2629 953 2692 iu
979 2631 1040 2697 Ara
1068 2627 1157 2690 Caeli

126 2727 329 2800 mentionem
360 2730 440 2796 sarit
464 2729 750 2800 BURCHARDUS
780 2725 1054 2797 Caeremoniarum
1089 2724 1159 2788 Ma·

126 2822 224 2913 gister
250 2825 305 2891 sub
331 2826 603 2892 ALEXANDRO
630 2827 684 2891 VI.
711 2827 742 2887 in
767 2826 870 2889 diario
900 2830 968 2903 ejus
989 2821 1158 2890 manuscri-

127 2938 189 3007 pto
208 2966 220 2998 ,
242 2928 331 3011 qnod
351 2924 433 2990 latet
459 2926 492 2990 in
515 2923 714 2991 Bibliotheca
739 2926 900 3011 Glisanta,
926 2923 965 2986 de
1001 2942 1067 3009 quo
1090 2935 1176 2994 tanae

126 3018 193 3083 fuse
225 3022 330 3110 agitur
353 3025 501 3090 Biblioth·
518 3022 698 3088 FABRICII
716 3024 823 3088 mediat
838 3024 1018 3092 latinitatis
1039 3022 1095 3083 lib.
1115 3020 1156 3082 tt.

127 3118 222 3184 Hune
245 3140 352 3189 autem
375 3119 630 3185 uURcHaRDI
653 3139 779 3186 textum
800 3162 812 3192 ,
841 3116 1043 3185 exhibentem
1069 3135 1157 3204 pom-

124 3235 198 3303 pam
229 3216 316 3282 illius
338 3213 441 3286 missae
470 3219 627 3304 integrum
651 3263 663 3292 ,
689 3216 765 3280 &a
790 3217 891 3282 verbo
912 3217 952 3278 ad
975 3233 1083 3282 verunt
1110 3231 1158 3275 rr·

124 3314 189 3378 fert
219 3313 253 3378 P.
274 3314 498 3384 CASIMIRUS
519 3317 617 3379 modo
641 3316 788 3378 laudatus
815 3315 886 3380 loco
912 3311 1008 3376 eriam
1035 3310 1069 3373 δε
1102 3332 1157 3395 pa·

123 3413 200 3500 gina
217 3412 311 3478 citat.
333 3415 386 3478 De
409 3411 466 3478 hac
488 3413 658 3482 Academia
673 3412 816 3478 Rornana
840 3414 929 3498 apud·
953 3410 1073 3474 multos
1092 3405 1155 3471 dis·

123 3508 264 3584 seritur,
293 3509 377 3576 inter
391 3533 475 3598 quoe
491 3512 699 3580 nominandus
713 3512 803 3580 venit
824 3506 1036 3576 ANTONIUS
1058 3504 1154 3569 VUL·

125 3605 217 3672 PIUS
243 3608 276 3670 iu
299 3608 366 3677 vita
380 3609 639 3678 suuuuznml
652 3652 666 3685 ,
691 3611 826 3695 praelixa
850 3612 917 3686 ejus
942 3605 1091 3694 operibus
1113 3624 1154 3667 ex

124 3702 210 3769 edit.
235 3705 389 3774 Patavina
410 3707 482 3770 anni
511 3729 613 3790 1731.
647 3729 716 3795 pag.
745 3707 830 3779 tx„
857 3704 890 3768 dc
917 3702 1119 3793 sequentibus
1140 3743 1153 3766 .

126 3802 213 3866 Huic
236 3821 346 3868 autent
366 3806 532 3878 maceriam
564 3804 778 3891 suppeditarat
804 3805 976 3866 Academia
1000 3798 1149 3885 Neapoli·

124 3915 227 3974 taua,
254 3923 335 3988 quae
357 3924 396 3969 ex
421 3900 503 3979 hac,
530 3919 659 3982 curante
680 3899 908 3978 PONTANO,
941 3891 1151 3988 processerat.
1272 3875 1411 4278 A
