3117 4709
102 420 181 497 tt·
281 395 345 468 nn
373 380 987 465 nstonnnnntnssnonnnn

122 519 1153 602 Μ

128 671 271 771 patcat
295 678 344 737 ex
380 649 457 733 iuis
480 648 589 757 typis
610 641 843 756 profestum
869 680 884 756 3
914 666 1064 733 contra
1080 673 1153 732 au·

129 804 219 879 tem
246 772 297 856 ab
327 795 377 852 eo
402 792 664 868 ann011x471.
695 760 895 876 usquead
930 770 1056 873 1480·
1087 766 1155 848 in·

130 888 294 980 numeri
321 883 479 970 exstent
510 883 605 966 libri
634 885 758 966 abeo
786 881 918 964 editi?
950 883 1152 968 Dicices·

131 1003 348 1117 te-nequit
373 1002 503 1088 libros
532 1021 629 1085 toto
647 998 853 1085 decennio
880 1000 1017 1084 editos
1046 1020 1157 1085 tem·

131 1152 284 1243 porum
309 1120 462 1231 injuria
487 1117 672 1228 periiffe3
700 1117 742 1200 id
762 1116 874 1198 enim
901 1146 1071 1235 quoque
1095 1111 1164 1202 dex

132 1247 271 1334 altero
301 1236 507 1321 decennio
534 1240 622 1345 pari
657 1234 748 1342 jure
780 1231 942 1345 fingere
970 1235 1153 1320 liceret.

131 1357 390 1454 fabulantur
421 1351 752 1469 aliiJensonium
783 1353 995 1452 Romam,
1028 1348 1174 1436 aliast

129 1507 210 1593 que
227 1472 378 1564 Italiae
405 1473 524 1557 urbes
542 1466 697 1577 petiisse
721 1470 773 1551 ad
802 1470 1172 1581 Typographicos'

133 1596 391 1683 characteres
408 1584 639 1683 curandos,
659 1577 1069 1695 atquefotrnandos,
1086 1588 1152 1669 in·

132 1736 198 1803 ter
214 1734 317 1823 quos
334 1705 539 1793 recent-ius
553 1700 803 1787 Pournierin
821 1698 892 1788 suo
906 1703 1016 1789 libro
1025 1703 1151 1817 (67),
1198 1777 1200 1780 ,

1083 1824 1160 1918 ubi

137 2115 172 2176 ni
189 2112 331 2177 Comitis
350 2107 451 2173 titulo
478 2110 649 2174 decoratus
676 2114 800 2184 fuerit,
823 2130 859 2175 ut
896 2108 1017 2176 constat
1036 2134 1078 2178 ex
1105 2133 1162 2175 va-

140 2208 197 2272 riis
225 2207 373 2281 litteris,
401 2226 482 2291 quae
505 2205 653 2294 leguntur
682 2209 714 2269 in
735 2209 959 2273 Decretalibus
989 2209 1163 2275 GREGO-

137 2305 201 2370 ΕΠ
221 2304 279 2366 ΙΧ.
302 2322 384 2365 anno
414 2323 514 2379 1475·
545 2303 583 2364 ab
607 2302 673 2389 ipso
701 2306 822 2370 editis.
848 2308 942 2393 Quod
966 2308 1167 2373 autem-Ro-

138 2422 221 2481 mani
244 2399 371 2464 veniens
391 2414 492 2463 artem
514 2396 786 2487 Typogtaphicam
813 2404 1008 2486 perfecerit,
1036 2422 1072 2469 ut
1094 2405 1164 2494 pla·

139 2498 208 2565 enit
227 2494 468 2562 POLYDORO
493 2493 687 2561 VIRGILIO
706 2507 738 2568 de
761 2506 910 2567 inventor.
926 2524 1026 2568 rernm
1045 2500 1163 2571 libra·

140 2619 209 2684 cap.
226 2593 324 2667 vn„
349 2594 383 2657 &
396 2590 666 2661 MABILLONIO
686 2601 719 2663 in
737 2603 795 2687 suo
811 2603 919 2666 itinere
935 2602 1042 2666 Italico
1063 2600 1162 2667 Tom.

137 2696 170 2759 L·
187 2714 257 2781 pag.
278 2698 357 2770 65.‚
384 2690 515 2775 aliisque
538 2712 601 2753 non
628 2695 765 2779 paucis,
792 2694 853 2770 id,
882 2696 1009 2782 inquam
1032 2741 1043 2771 ‚
1068 2715 1159 2767 caret

138 2787 433 2858 verifimititudine.
455 2790 498 2849 Et
514 2789 644 2873 quidem
667 2792 850 2867 editiones,
870 2815 946 2879 quas
966 2795 1061 2879 primi
1087 2797 1161 2882 Ty·¹

136 2884 288 2977 pographi
308 2883 443 2949 Romani
466 2884 561 2969 usque
585 2890 624 2950 ad
650 2910 721 2954 nnn.
748 2910 849 2970 1454·
865 2892 1078 2967 adornarunt,
1103 2894 1158 2958 sua

137 2983 317 3072 elegantia,
343 2982 376 3046 &
403 2979 564 3047 venustate
595 2985 687 3075 longe
714 2986 859 3072 superant
899 3010 950 3053 eas
971 3032 982 3062 ,
1005 3012 1087 3075 quae
1113 2992 1159 3057 se·

138 3080 308 3170 quentibus
346 3079 433 3142 annis
471 3080 617 3166 prodiere
643 3127 654 3156 ‚
692 3099 826 3170 excepta
856 3104 962 3150 tamen
997 3086 1160 3152 PTOLE-

136 3178 412 3248 MAELeditione
440 3177 512 3240 anni
539 3189 667 3256 1478„
693 3181 725 3245 &
748 3182 907 3267 aliquibus
929 3182 1160 3270 posterioribus

138 3276 333 3343 editionibus
349 3274 534 3338 HUGONIS
548 3276 610 3340 DE
627 3278 919 3345 GENGENBACH
932 3327 942 3346 .
953 3282 1158 3348 Veriffimilli·

138 3394 226 3436 mum
252 3371 295 3437 est
324 3371 561 3459 JENSONIUM
597 3375 679 3440 circa
710 3396 823 3439 annum
865 3391 966 3463 1483.
1009 3379 1160 3445 Venetiis

139 3464 272 3544 obiisse,
298 3492 369 3536 cum
394 3491 512 3545 nomen,
543 3470 629 3536 itlius
659 3474 692 3536 itt
717 3473 877 3537 annalibus
908 3475 1160 3566 Typographicis

139 3564 309 3655 posthunc
332 3589 445 3631 annum
467 3570 600 3654 amplius
623 3592 686 3634 non
712 3571 834 3656 legatur
853 3617 862 3636 .
1042 3632 1044 3635 .

185 3665 263 3749 (67)
287 3664 348 3726 Cui
375 3666 515 3729 titulus:
541 3672 670 3736 Manutl
693 3669 933 3757 Zipcgraphiquc
951 3694 972 3736 α
991 3672 1159 3760 l'usagedes

133 3783 202 3847 gent
226 3766 260 3828 de
279 3762 392 3835 lettre,
417 3763 511 3847 impr·
531 3788 551 3831 a
572 3764 662 3835 Paris
683 3787 718 3834 en
738 3771 813 3835 deux
840 3769 900 3835 vol.
933 3768 967 3835 in
993 3778 1025 3837 8.
1052 3775 1159 3848 1766·

137 3856 235 3933 Tom.
255 3857 296 3924 Π.
327 3880 397 3949 pag.
424 3860 504 3926 '2610
