3117 4709
597 736 980 827 ncccctxxu.
1044 709 1047 716 ’

330 908 528 991 Nicotnr
559 922 615 990 nn
649 907 775 990 Ltun
809 908 879 1014 (a)
910 911 1211 997 Commentar
1255 912 1298 996 in

266 1020 399 1106 Biblia
429 1050 477 1106 ex
505 1022 692 1106 editione
722 1024 818 1137 Joh.
845 1026 1043 1112 Andreae
1076 1055 1160 1113 una
1200 1053 1299 1174 cunr

267 1139 359 1252 ejus
394 1136 566 1250 epistola
591 1141 718 1225 &o

387 1256 601 1370 Aspicis
584 1282 600 1333 r
602 1254 768 1370 ilustris
798 1258 948 1341 Leiior
968 1268 1065 1350 (Μ

447 1427 677 1461 ......
713 1374 982 1459 contribuere
1009 1378 1208 1466 domum.

266 1498 393 1583 MCC
397 1493 627 1579 CCLXXI
678 1496 718 1578 dc
777 1494 951 1665 LXXll·
1000 1498 1041 1579 in
1090 1493 1167 1581 fol.
1211 1499 1297 1594 To·
1310 1535 1312 1543 ·

268 1614 405 1697 miaV
438 1612 542 1727 (b)·
978 1686 982 1694 .
1025 1692 1031 1704 .

586 1773 591 1777 ·
743 1732 788 1813 M
983 1799 988 1812 .
1029 1801 1034 1812 .
1202 1736 1296 1818 Ro·

265 1906 372 1985 credo
387 1916 472 1994 effe,
499 1927 538 1987 de
564 1931 699 2011 qnorum
720 1926 921 2008 interprete,
944 1921 975 1985 dt
992 1921 1064 1985 loco
1089 1918 1297 2006 impreisronis

265 2016 444 2102 disputatur
488 2019 572 2084 inter
598 2021 742 2086 eruditos
767 2020 880 2085 Italiae
899 2064 908 2083 .
928 2019 975 2082 Sic
1003 2042 1033 2083 v.
1060 2042 1091 2106 g.
1115 2013 1297 2080 APOSTO·

264 2112 341 2200 LUS
376 2116 511 2180 ZENUS
536 2119 569 2181 in
599 2118 686 2182 notis
713 2121 753 2183 ad
779 2111 1034 2183 fontaniniananr
1066 2109 1299 2178 Bibliothecam

211 2292 216 2296 ,
262 2210 411 2278 Italicam
438 2213 518 2279 Tum.
550 2219 591 2282 II.
612 2232 909 2303 pag.421.agens
937 2215 978 2277 de
1018 2204 1141 2298 duplici
1174 2206 1297 2274 diversa

263 2308 442 2374 Bibliotum
472 2311 506 2374 in
535 2312 640 2400 lingua
659 2312 777 2400 vulgari
803 2312 969 2383 editione,
997 2306 1136 2397 hancque
1160 2304 1296 2372 nostram

262 2404 384 2492 ltpbeuc
407 2427 483 2492 prae
512 2410 655 2473 manibus
690 2430 760 2475 eam
788 2404 926 2496 expreffc
955 2429 974 2469 a
1009 2410 1147 2473 versione
1181 2403 1297 2468 Malet-

263 2503 385 2574 mitent
410 2502 566 2570 diversam
600 2506 756 2581 affirmat,
782 2506 1029 2591 destitutumque
1057 2502 1117 2571 elle
1157 2500 1298 2591 agnoscit

263 2601 315 2666 rel
352 2598 421 2688 ipio
459 2602 534 2667 loco
568 2603 771 2689 impteifionis
799 2644 809 2668 .
844 2604 1010 2692 Quidquid
1042 2606 1112 2677 itt,
1150 2599 1224 2665 haec
1250 2594 1295 2662 est

262 2696 371 2764 brevis
404 2701 470 2778 ejus
495 2700 667 2787 descriptio
691 2699 724 2764 in
751 2702 845 2775 Torn.
868 2701 894 2764 l.
916 2701 1039 2763 Novem
1071 2697 1179 2766 textui
1206 2697 1293 2763 sacro
1384 2728 1387 2735 ·

264 2794 515 2880 praemittuntur
539 2799 626 2863 folia.
646 2795 781 2873 indicis,
819 2796 998 2886 &prologi
1024 2803 1055 2860 S.
1075 2793 1292 2865 HIERONY·

262 2892 343 2969 Ml,
370 2891 404 2957 &
427 2894 543 2960 titulus
567 2896 697 2960 Genesrs
720 2894 829 2959 colore
858 2895 953 2957 rubro
981 2894 1110 2981 capitali
1139 2892 1296 2957 characte-

264 3009 297 3053 re
322 2989 541 3075 imprimitur,
567 2991 601 3057 in
627 3013 691 3082 quo
718 2990 794 3055 haec
829 2990 986 3077 discrepat
1024 2993 1063 3056 ab
1095 2990 1155 3054 alia
1180 2990 1293 3071 Italica

261 3086 405 3167 ejusdem
439 3089 512 3153 anni
541 3090 710 3155 editione.
734 3088 939 3156 Terminatur
974 3110 1050 3155 vero
1082 3086 1203 3152 Tomos
1227 3085 1293 3172 pri·

259 3205 330 3248 mus
362 3205 435 3247 cunt
479 3186 658 3252 Pialterio.
685 3189 844 3250 Secundus
879 3208 956 3251 vero
978 3187 1183 3254 terminatur
1219 3202 1293 3261 ευρ

257 3280 472 3369 Apocalypsi,
498 3283 531 3347 in
561 3289 648 3363 cujus
675 3287 736 3347 fine
760 3284 877 3372 legitur
906 3304 915 3348 τ
955 3288 984 3350 Ε
1011 3288 1038 3352 il
1058 3286 1118 3371 fine
1146 3280 1193 3347 dcl
1217 3278 1292 3349 notin

261 3379 440 3446 tetamento
467 3383 724 3451 MCCCCLXXI·
754 3384 787 3445 in
812 3380 938 3450 Kalende
963 3386 996 3449 de
1024 3383 1168 3457 oiiobrio.

226 3516 229 3522 -
309 3479 358 3561 (n)
385 3474 421 3537 ln
441 3477 631 3543 Norrnanniu
652 3492 771 3550 natus,
799 3481 975 3550 chudaeo
992 3471 1295 3555 factusChristianus

254 3573 392 3637 Ordinis
417 3572 578 3642 Minorurn
602 3574 741 3664 regulam
775 3572 925 3659 professus
962 3574 1007 3641 est
1041 3593 1123 3640 anno
1160 3595 1292 3656 κρυ,

254 3670 342 3734 obiit
364 3690 441 3735 vcro
463 3670 587 3737 Patisrie
607 3671 699 3739 valde
723 3669 822 3734 senex
841 3694 922 3738 anno
946 3695 1047 3757 1340.
1112 3740 1115 3746 ,

283 3765 359 3856 (b)
388 3767 481 3836 vom.
508 3756 535 3836 l.
562 3766 707 3858 irnpreilo
731 3787 824 3835 anno.
849 3792 950 3845 1471
978 3766 1201 3860 praemittitur
1216 3766 1294 3935 1{pli-

1243 3885 1295 3929 oe
