3117 4709
308 375 310 382 ’
370 397 457 485 ²102
499 421 510 452 x
561 398 630 473 ur
654 393 1021 477 rerumrerum
1051 404 1275 480 mutua

384 537 1406 617 -........··-..-.·.·.·-...............-······-

260 712 265 723 ,
379 672 452 757 boc
463 689 583 783 opere
609 662 871 774 consumpto,
893 662 1006 745 diem
1030 665 1229 749 ultimum
1244 666 1404 778 claustr,

233 876 242 890 ,
303 894 306 902 Ι
380 793 462 877 hoc
493 786 550 870 est
579 783 651 866 sub
681 780 808 864 finem
842 776 936 863 anni
972 782 1100 892 1476.

444 898 656 988 Arnoldus
683 925 784 983 vero
821 901 1039 985 Pannartz
1062 931 1085 985 a
1114 896 1261 1014 praelo
1288 931 1408 991 uum·

382 1050 509 1141 quam
541 1017 701 1106 dellitit
749 1017 877 1127 ulque
922 1013 973 1100 ad
1017 1021 1215 1106 eumdem
1258 1050 1409 1112 anuum

386 1142 549 1246 1476„
586 1134 804 1246 multaque
844 1162 974 1246 opera
1002 1139 1041 1219 in
1091 1137 1240 1224 lucem·
1267 1144 1408 1229 edidit

382 1248 600 1345 minutiori
631 1254 802 1367 quidem
831 1259 1098 1357 charmide,
1133 1255 1202 1342 sed
1234 1255 1406 1372 elegan-

380 1378 508 1470 tiori·
534 1382 598 1461 An
634 1399 734 1457 vero
766 1373 990 1456 teterrima
1021 1376 1171 1483 pelle,
1203 1402 1309 1485 quae
1335 1395 1404 1465 tot

379 1503 674 1585 Romanorum
712 1488 869 1574 civium
900 1488 1034 1575 millia
1059 1518 1110 1576 eo
1134 1520 1244 1576 auno
1266 1496 1405 1584 abstu-

381 1617 462 1713 lit,
497 1608 584 1720 ipse
614 1635 783 1722 quoque
813 1604 996 1693 sublatus
1028 1606 1185 1709 fuerit,
1218 1639 1269 1694 an
1303 1642 1406 1700 vero

378 1734 462 1820 arti
504 1725 861 1840 Typographicae
909 1728 1160 1814 valedixerit
1201 1749 1400 1834 tantum,

375 1880 455 1968 pro
492 1849 659 1934 incerto
690 1843 834 1929 haberi
862 1845 1028 1932 debet·
1064 1844 1282 1965 Quidquid
1321 1851 1401 1952 fit,

374 1996 542 2057 eertum
559 1965 615 2052 est
635 1979 807 2061 tamen,
830 1981 926 2075 opus
949 1962 1220 2076 epistolarum
1241 1972 1285 2048 5·
1303 1968 1402 2054 Hie.

321 2172 326 2179 ,
373 2088 540 2198 ronymt'
567 2084 646 2166 hoc
668 2107 778 2165 anno
803 2085 855 2164 ab
882 2112 933 2167 eo
962 2085 1209 2168 inchoatum
1235 2113 1402 2171 reman-

375 2205 459 2292 stlle
488 2192 823 2311 imperfectum,
854 2200 987 2284 itaut
1022 2202 1224 2310 Georgius
1265 2206 1401 2291 Laver

375 2318 629 2406 eorumdem
660 2317 957 2410 characterum,
976 2321 1093 2406 heres
1117 2315 1248 2405 faetus
1278 2321 1403 2435 yolu-

376 2463 474 2523 meu
513 2440 569 2521 11.
606 2460 718 2516 annu
751 2460 878 2547 1479·
918 2462 999 2548 pro
1032 2439 1171 2547 operis
1210 2438 1403 2550 comple·

376 2574 528 2640 mento
562 2548 854 2659 evulgaverit.

433 2678 521 2757 Hos
554 2666 659 2752 duos
690 2669 995 2779 Typographos
1021 2671 1062 2754 in
1100 2689 1195 2774 arte
1231 2673 1301 2760 sua
1331 2702 1401 2786 pe·

377 2788 590 2874 ritiffimos
624 2784 737 2869 luille
775 2814 900 2870 nemo
935 2816 1090 2900 negare
1125 2793 1291 2905 putell3
1323 2823 1398 2880 eo-v

358 2905 471 2990 'rum
502 2925 644 2992 tamen
676 2898 900 3006 fortunae,
933 2927 1062 3022 atque
1088 2906 1282 2996 officinae
1309 2938 1400 2996 ma-

372 3050 501 3135 gnum
548 3020 856 3106 detrimentum
901 3027 1047 3111 attulit
1082 3026 1217 3140 major
1260 3029 1397 3112 avidi·

371 3162 461 3226 tas.
496 3137 713 3253 Siquidem
747 3141 905 3225 invidia
939 3144 1088 3252 perciti
1126 3146 1168 3227 in
1203 3146 1393 3233 Ulrt‘cum

369 3259 466 3341 Han
494 3258 584 3363 ejus
624 3258 766 3367 praela
812 3278 1006 3347 evertere
1048 3263 1391 3367 meditabantur,

369 3377 409 3454 &
438 3375 619 3481 quidem·
650 3374 719 3458 ubi
752 3374 933 3482 primum
952 3379 1119 3463 Ulricus
1140 3380 1295 3466 librum
1320 3382 1398 3467 ali.

366 3515 493 3600 quem
526 3492 715 3591 edebat,
747 3491 886 3578 statim
914 3496 955 3578 hi
984 3498 1071 3580 duo
1098 3492 1254 3582 aemuli
1283 3528 1396 3588 eum·
1439 3544 1442 3549 ·

365 3608 460 3692 dem
502 3604 579 3694 suis
618 3609 728 3719 typis
771 3611 910 3721 rursus
948 3614 1224 3725 vulgabant,
1263 3635 1392 3728 atque

364 3723 427 3812 ita
463 3725 728 3828 venditionis,
748 3727 982 3837 facilitati,
1028 3733 1068 3818 δι
1100 3732 1393 3823 emolumento

959 3908 962 3915 ·
1032 3912 1034 3917 .
1068 3910 1071 3917 ,
1214 3907 1235 3933 .·
1274 3874 1395 3943 umus

1217 4121 1228 4196 l
