3117 4709
243 425 314 497 no
394 418 486 524 ,nr
517 407 881 497 rueoonnruin‘
913 425 1133 500 Rounun

397 681 1096 772 N1connuseunus.
1261 808 1263 812 y

355 924 636 1035 Ypographus
664 947 713 1006 ex
743 913 834 1001 solo
860 920 1175 1033 imaginationis
1204 922 1265 1013 fe·

388 1062 435 1126 tu
455 1040 659 1124 Krantzii
673 1044 720 1120 in
737 1039 1081 1123 memorabilibus
1100 1041 1262 1128 Biblio.

157 1206 164 1219 ·
231 1166 374 1251 thecue
407 1156 743 1241 Elizabethunae
771 1159 1084 1241 Wratisluuien
1099 1189 1164 1260 rs,
1192 1168 1263 1252 cui

230 1281 372 1396 postea
389 1269 621 1361 Mait'taire
638 1271 851 1372 adhaesit,
882 1277 1036 1386 quique
1054 1280 1164 1361 hunc
1183 1281 1265 1370 im.

232 1402 488 1515 primpntent
530 1393 699 1478 induxit
728 1417 840 1480 anno
872 1397 999 1499 1482.
1033 1394 1263 1484 Ptolemaei

230 1507 561 1627 Geographiam,
590 1510 659 1594 sed
686 1533 875 1595 errorem
898 1512 1094 1613 detexit,
1127 1545 1174 1600 ac
1198 1546 1262 1606 re·

230 1630 340 1722 fellit
366 1626 658 1716 schelhornius
688 1629 850 1744 (140).

369 1869 789 2008 nRNOLDUS.
823 1866 1128 1954 BUKINK.

366 2107 525 2193 Atione
557 2105 687 2189 etiam
716 2109 957 2189 Germanus
985 2108 1127 2213 potius
1158 2109 1259 2196 Cal·

387 2226 662 2334 cographus,
697 2249 830 2334 quani
849 2225 1157 2333 Typographus
1182 2259 1258 2336 ap·

101 2341 105 2348 ’
227 2340 381 2456 pellari
408 2339 615 2448 deberet3
649 2341 865 2423 nonenim
896 2339 1066 2425 aliunde
1090 2346 1257 2454 innote-

226 2458 348 2557 scit,
396 2485 524 2570 quam
560 2482 609 2541 ex
661 2459 849 2542 editione
886 2456 1116 2542 Ptolemaei
1158 2466 1257 2548 anni

230 2581 360 2688 1478.
375 2630 393 2676 ,
420 2576 460 2657 in
490 2575 608 2687 cujus
627 2575 888 2685 praefatione
918 2574 1074 2660 dicitur
1101 2578 1258 2668 succes-

227 2695 310 2782 stde
341 2692 530 2802 Conpado
569 2692 830 2804 chynlaeym
857 2718 936 2803 pro
982 2698 1257 2783 terminandis

228 2813 523 2928 geographicis
544 2812 694 2896 tabulis
724 2811 889 2896 aeneis.
925 2808 1084 2894 Verum
1109 2834 1254 2901 tamen

228 2931 284 3017 est
330 2922 443 3014 fuisse
478 2932 607 3016 etiam
656 2931 1033 3042 Typograpbum,
1076 2934 1175 3041 quia
1209 2939 1254 3019 in

221 3046 529 3156 subscriptione
571 3045 766 3132 laudatae
808 3046 1100 3157 Geographiae
1138 3053 1252 3139 dicit

218 3168 325 3251 hanc
367 3162 407 3249 se
440 3166 480 3247 in
517 3163 672 3250 tabulis
705 3166 844 3249 aeneis
884 3162 1042 3276 jamin
1074 3166 1250 3274 pisturis
1330 3162 1333 3169 ’

221 3281 448 3371 formatam
480 3278 743 3395 impreffiffe·.

1151 3639 1249 3783 u·

265 3897 368 3997 (ψ)
390 3900 427 3970 u
449 3901 604 3997 noenu
625 3902 1103 4011 peang1R1n1pag„237.
1232 3861 1248 3926 ”

75 4099 188 4265 ³
