3117 4709
161 662 335 763 baliini,
358 693 478 776 equa
494 663 736 773 splendidae
754 670 949 777 prodiere
964 671 1190 765 editiones,

161 784 275 871 inter
297 810 397 893 quas
429 783 529 864 mihi
559 784 704 868 videre
739 786 920 897 contigit
948 788 1197 900 Porphyrio-

162 929 268 988 uas
274 896 562 1015 quaestiones
604 906 661 990 θ
681 900 733 984 dr
763 922 887 988 autro
904 905 1195 1018 Nympharum

106 1103 110 1107 ,
164 1022 214 1104 iu
244 1017 406 1136 Odyffc'u
427 1016 694 1130 opusculum,
718 1021 841 1127 impr
830 1023 1066 1107 ·'R0mae
1047 1047 1095 1103 ru
1115 1027 1196 1131 Gy

162 1134 314 1224 maulia
344 1133 529 1218 Medicco
548 1133 604 1216 ud
622 1135 894 1221 Cabaliiuum
923 1158 1103 1223 montem
1119 1165 1197 1221 au-

162 1284 215 1342 uo
250 1280 550 1361 ¹5¹71⁰·4·s
587 1282 671 1365 quo
703 1252 806 1338 nihil
837 1283 1030 1363 umquam
1060 1252 1193 1369 splen·

163 1374 305 1460 didius
357 1371 460 1455 mihi
510 1371 697 1456 occurrit
736 1427 748 1451 ·
792 1374 1036 1458 Rariffimae
1089 1373 1196 1457 insu·

163 1519 241 1606 pes
272 1489 366 1576 sunt
406 1515 547 1575 omnes
587 1490 800 1575 editiones
843 1494 1031 1577 Graecae
1071 1491 1193 1599 huius

161 1609 395 1718 officinae·
447 1609 674 1715 Gregorius
728 1635 831 1693 vero
880 1609 1004 1693 xiii.
1044 1635 1192 1717 parens

162 1724 276 1842 quasi
306 1724 384 1811 fuis
416 1722 533 1829 huius
562 1726 695 1822 artis,
728 1752 775 1808 ac
807 1731 862 1810 de
892 1754 942 1811 co
972 1728 1193 1813 audiamus

162 1842 510 1955 Mideudorpium
540 1842 650 1926 libro
679 1868 713 1926 ι.
731 1842 1059 1929 Academiarum
1077 1842 1192 1931 orbis

162 1958 358 2073 uniuerst
364 1959 593 2045 celebrium
610 1980 772 2071 capua·
783 1982 884 2072 pag.
897 1964 1008 2060 185„
1029 1972 1084 2048 ἐν
1099 1967 1194 2064 187.

165 2081 270 2170 edit.
299 2077 504 2166 Coloniae
534 2079 657 2165 2602.
683 2080 730 2158 iu
751 2087 791 2161 8.
823 2079 895 2163 Ait
927 2095 1068 2164 autem
1094 2082 1196 2162 Gre-

158 2199 311 2310 gorius
328 2201 457 2281 Xiii.
487 2195 763 2307 imprimendi
790 2214 927 2279 artem
950 2194 1192 2298 Hebraicis,

157 2317 369 2412 Graccis,
410 2311 657 2413 Chaldaeis,
698 2312 927 2414 Arabicis,
962 2317 1192 2422 Armeais,

165 2433 354 2545 illyricis
377 2430 693 2521 charaiicribus
712 2431 785 2515 abs
805 2432 858 2546 sr
869 2434 1107 2570 praecipue
1133 2432 1196 2513 iu·

146 2549 364 2661 struiiam
397 2554 462 2637 ita
491 2553 735 2661 promouit,
766 2569 816 2634 ut
854 2550 946 2648 jam
983 2551 1192 2648 orientis,

162 2677 221 2760 ἃ
239 2662 437 2781 opprcffac
468 2668 694 2767 aTurcis,
723 2673 778 2757 (θ’
805 2666 1092 2777 schismaticis
1112 2671 1198 2752 Eu·

163 2804 289 2894 ropac
309 2785 459 2899 populi
486 2782 621 2895 miffls
636 2782 907 2897 Catccbismis
931 2787 1112 2895 propria
1141 2778 1197 2865 ad

158 2905 369 3018 pietatem
399 2904 566 3016 lingua
574 2903 887 3010 instituuntur
910 2900 1101 2986 Tandem
1120 2898 1193 2985 sub

168 3023 290 3106 Sixto
327 3021 367 3104 V.
408 3017 460 3103 ad
485 3011 807 3151 Nperfestionem
850 3021 1051 3131 perduiia
1095 3020 1196 3127 est3

164 3133 381 3247 singularis
426 3136 540 3223 enim
589 3156 679 3220 erat
725 3139 838 3221 inter
887 3139 1043 3247 Typog
1048 3136 1195 3245 cuphos

164 3253 446 3358 aemulatio,
478 3281 524 3340 ac
567 3254 654 3380 sub
682 3253 771 3364 ipso
818 3258 957 3338 ereiia
993 3257 1096 3350 est,
1146 3277 1194 3336 ac

163 3367 380 3481 completa
407 3370 587 3460 celebris
619 3335 788 3455 officina
820 3373 1025 3455 Vaticana
1060 3363 1193 3454 refer·

166 3512 212 3580 tu
239 3490 549 3580 chasaiieribus
578 3488 803 3603 cujuslibet
836 3488 1077 3575 idiomatis.

695 3849 733 3930 G
