3117 4709
249 424 321 493 124
461 395 1044 473 INDEX-LIBRORUM

241 541 1273 618 m

329 784 701 883 Mcccctxw,
726 783 765 864 δι
793 782 1180 878 MCCCCLXVII.

303 1028 431 1109 Mun.
449 979 903 1110 Tuiiidcicinouis
931 1024 987 1108 de
1006 1026 1193 1116 Oratore
1225 1027 1279 1118 li»

242 1143 308 1233 bri
330 1162 414 1229 tres
442 1142 495 1231 ad
525 1145 738 1258 Quotuui
761 1140 958 1229 Fratrem
977 1200 989 1225 .
1021 1144 1065 1226 in
1085 1143 1156 1230 sol·
1176 1144 1275 1270 (a),

239 1265 260 1280 ”
1154 1271 1277 1349 'San-

240 1557 352 1623 Biblir'r
376 1562 504 1643 tyrann
528 1555 600 1623 anni
626 1577 728 1631 1472.
741 1601 753 1631 ,
781 1555 835 1623 sed
858 1579 931 1622 cum
955 1557 1071 1623 claram
1106 1561 1175 1635 ejus
1216 1574 1274 1618 no·

240 1652 349 1716 titiam
375 1652 490 1720 haltere
519 1675 582 1719 non
606 1653 791 1737 potuerim,
816 1656 891 1720 ideo
920 1654 1000 1720 hunc
1026 1656 1065 1718 ad
1091 1654 1276 1719 feliciorem

242 1754 399 1815 remitto.
424 1755 476 1815 De
504 1750 563 1817 hoc
589 1771 695 1815 tamen
717 1753 790 1816 vide
818 1752 1035 1818 MEERMAN
1073 1757 1183 1839 origin.
1212 1750 1271 1832 Ty·

233 1864 322 1938 pogr·
344 1850 433 1922 Part.
456 1854 492 1922 ll.
510 1868 580 1938 pag·
612 1871 691 1927 245·
729 1849 815 1920 Hanc
841 1849 1074 1920 LACTANTII
1096 1849 1274 1920 editionem

239 1945 274 2008 iu
308 1947 419 2013 multis
433 1945 642 2013 Bibliothecis
658 1949 812 2013 Romanis
835 1950 1051 2035 pertratlavi,
1083 1948 1168 2011 iuter
1196 1965 1273 2033 quas

239 2042 426 2121 Vaticana,
466 2047 669 2120 Barberina,
707 2046 925 2125 Corfiuiana,
960 2046 1206 2117 Aracaelitana,
1236 2040 1271 2105 δι

239 2141 348 2205 aliae.
376 2143 562 2221 Hujusniodi
589 2144 751 2229 exemplar
774 2148 894 2209 recellit
916 2166 1015 2232 nuper
1030 2139 1272 2212 instiuttiuimae

239 2231 457 2304 Bibliothecae
479 2238 560 2301 SSiiii
592 2241 636 2303 D.
660 2241 701 2302 N.
727 2240 782 2302 PII
807 2242 864 2305 Vl.
889 2288 901 2317 ,
929 2264 1024 2331 quam
1045 2230 1172 2332 publico
1194 2239 1272 2305 Cae·

240 2334 444 2404 senateusium
465 2336 550 2403 bono
581 2335 714 2402 nonita
738 2338 861 2422 pridem
889 2340 1086 2429 designavit.

287 2435 335 2518 (a)
362 2433 423 2499 Hic
446 2433 599 2498 deficiunt
625 2433 728 2509 aurii,
748 2435 835 2512 loci,
862 2433 1123 2528 &Typograplii
1147 2450 1271 2510 notae,

241 2526 296 2593 sed
323 2530 500 2598 similitudo
529 2527 740 2597 charaderum
769 2555 843 2597 cuni
870 2532 1050 2621 superiori,
1079 2534 1113 2600 δε
1136 2532 1271 2621 sequen·

238 2624 267 2689 ti
285 2627 412 2691 induxit
437 2648 546 2693 omnes
559 2626 800 2719 Bibliographoe
825 2636 864 2697 od
883 2633 1101 2719 adsignandam
1114 2628 1170 2715 ipsr
1187 2652 1273 2696 enm·

238 2725 314 2788 dem
345 2725 499 2813 originem
512 2751 523 2805 3
547 2726 726 2792 &aliunde
748 2748 788 2791 ex
817 2730 1016 2793 GASPARIS
1046 2725 1274 2792 VERONEN·

239 2821 294 2886 sls
326 2822 506 2887 testimonio
532 2822 634 2890 relato
659 2826 735 2911 cap.
762 2825 803 2891 ll.
843 2828 927 2891 clare
953 2826 1143 2902 evincitur,
1170 2822 1273 2912 ipsum

241 2911 375 3007 prodire
412 2916 551 2987 debuisse
594 2942 669 2985 ante
700 2942 815 2986 annum
855 2931 958 2999 1468.
997 2923 1056 2989 His
1095 2939 1204 2988 autern
1239 2927 1272 2990 dr

244 3023 373 3092 Oratore
392 3020 484 3085 libris
504 3021 714 3088 aiineilendos
727 3023 882 3098 Brutum,
907 3021 940 3086 δι
964 3026 1117 3090 Oratorem
1138 3024 1176 3087 od
1190 3022 1274 3085 Bru-

236 3131 302 3182 tum
325 3114 472 3182 censuere
487 3116 754 3192 MAITTAIRE,
780 3120 814 3184 δε
832 3122 950 3185 Aui'tor
965 3122 1102 3209 catalogi
1120 3119 1272 3184 Biblioth-

127 3269 132 3276 .
237 3216 449 3291 Horlrt'onne,
478 3214 517 3278 de
546 3234 610 3300 quo
646 3213 720 3294 vide
755 3216 974 3281 MEERMAN
1009 3219 1085 3281 loco
1122 3213 1189 3290 suo.
1210 3214 1270 3279 cit.

177 3319 180 3327 '
240 3333 310 3399 prg.
328 3319 407 3385 246.
435 3313 594 3399 singulare
619 3310 676 3374 hoc
700 3308 794 3378 habet
820 3315 965 3380 rariffima
979 3311 1052 3379 haec
1074 3313 1206 3385 editio,
1227 3307 1271 3373 ’δι

240 3407 398 3471 diversum
427 3410 582 3478 aceteris
609 3407 741 3474 omnino
753 3409 824 3476 XV.
851 3410 967 3475 saeculi
994 3408 1267 3496 impressionibus,

237 3505 326 3589 quod
349 3502 422 3570 haec
447 3505 559 3569 iisdem
583 3505 660 3577 licet
686 3506 790 3571 verbis
817 3509 949 3598 incipiat
974 3508 1006 3572 iri
1031 3509 1134 3571 tribus
1158 3504 1264 3577 libris,

237 3620 274 3665 ae
306 3599 385 3665 aliae
411 3647 423 3677 ,
461 3604 671 3668 diversimode
710 3620 819 3670 tamen
859 3605 1074 3672 terminetur.
1105 3605 1154 3668 Sic
1177 3601 1264 3667 enim

235 3697 429 3766 terminatur
472 3702 505 3767 in
545 3724 581 3764 ea
613 3701 694 3766 liber
728 3701 755 3766 1.
782 3706 822 3773 Sc
857 3707 890 3769 ld
911 3706 1020 3791 nescire
1043 3701 1175 3792 confrffrrr
1195 3702 1263 3777 tiit

237 3794 288 3882 ln
307 3793 386 3865 sie:
413 3797 581 3891 Curamque
608 3801 738 3869 laxemus
759 3819 772 3883 3
797 3799 833 3867 δε
855 3798 914 3870 Ill.
939 3806 1058 3878 Audire
1083 3800 1159 3867 nelle
1179 3802 1262 3865 dixe·

1159 3908 1260 3962 runt.
