3117 4709
375 388 585 468 CAPUT
622 390 985 473 SECUNDUM

167 533 1182 620 ⁸—-

156 659 330 750 Ulricrrs
376 677 636 766 cognomento
680 664 772 743 Han
809 656 898 773 sab
940 660 1051 746 idem
1087 662 1187 775 fare

158 796 322 893 tempus
341 775 509 888 formas
528 774 767 872 librarlas,
795 802 885 863 ram
909 777 1192 883 inauditam„

158 922 235 981 mc
250 921 449 1011 umquam
465 894 664 978 Romam'r
681 891 844 1006 aristam,
875 899 1048 981 Romam
1077 916 1190 985 attu-

161 1016 221 1100 ait
256 1024 348 1104 &a

224 1136 417 1245 Denique
461 1133 503 1214 in
558 1128 924 1241 subscriptionibus
981 1132 1190 1222 librorum

163 1251 250 1363 iarn
304 1256 356 1337 ab
400 1277 508 1335 anno
565 1250 689 1359 1467.
731 1251 946 1338 editorurn
988 1249 1189 1365 leguntur

163 1374 318 1458 horum
368 1371 492 1455 trium
540 1368 922 1480 Typographorurn
981 1373 1191 1462 nomina.

98 1592 103 1599 ¹
162 1490 259 1576 Sine
290 1487 377 1571 ulla
421 1484 793 1592 verisrrnilitudine
828 1488 1089 1601 objiceretur
1128 1487 1192 1572 al·

162 1625 300 1694 terum
340 1600 530 1691 exstitille
564 1604 774 1690 artificem
810 1607 870 1691 his
906 1609 1039 1691 tribus
1077 1607 1195 1718 prio?

161 1749 283 1823 rem,
311 1724 350 1805 &
385 1719 533 1806 frustra
563 1722 870 1831 produceretur
913 1725 1045 1809 editio
1086 1726 1197 1825 anti·¹

159 1842 281 1952 quior
323 1836 445 1938 illis,
489 1863 589 1950 quas
636 1841 678 1923 hi
728 1837 1004 1952 Typographi
1044 1841 1193 1950 vulga·

163 1979 304 2046 runt.
350 1963 538 2054 manes,
573 1982 679 2067 quae
721 1959 761 2039 in
810 1959 914 2042 hanc
963 1984 1054 2040 rem
1096 1954 1192 2043 affe.

162 2097 342 2174 runtur,
377 2074 639 2187 conjeiluras
661 2072 734 2160 suo
760 2074 860 2162 loco
888 2068 1103 2161 refellam.
1128 2080 1191 2161 Ex

162 2196 227 2282 his
256 2194 449 2279 omnibus
470 2196 813 2305 ergoprobaturn
843 2211 1006 2293 manet,
1032 2196 1194 2279 Conra-

162 2308 263 2396 dam
288 2309 578 2421 Suayubm‘m,
609 2311 843 2396 Armoldum
875 2314 1117 2413 Parmam,
1151 2316 1192 2398 &

163 2431 356 2515 Ulriaam
390 2431 487 2512 Han
515 2430 971 2540 Gerrrranos,pri1n0s
1017 2430 1060 2513 in
1105 2427 1195 2517 lta-v

166 2546 271 2634 liam
296 2546 618 2658 Typographica
643 2543 785 2657 praela
820 2545 1040 2632 invexilie.
1082 2550 1195 2637 Cum

160 2685 306 2752 auteur
331 2690 381 2749 ex
418 2666 479 2747 his
505 2664 637 2749 tribus
668 2664 964 2776 Typographis
993 2664 1094 2751 nihil
1118 2693 1194 2751 an-

161 2799 214 2870 te·
233 2810 388 2868 annum
427 2782 552 2893 1465.
579 2778 761 2894 proferri
792 2779 943 2890 possit,
977 2784 1071 2867 hinc
1100 2813 1193 2871 rna-

162 2883 311 3012 rffllle
342 2898 593 3010 colligitur,
637 2899 988 3011 Typographiam
1029 2905 1225 2991 Romae,

160 3017 398 3102 institutam
430 3011 571 3114 soille,
607 3038 810 3129 regnante
841 3015 999 3103 summo
1040 3021 1193 3108 Ponti·

162 3134 245 3220 fice
280 3133 425 3219 Paullo
459 3139 556 3233 IL,
592 3138 663 3248 qui
698 3158 880 3220 exeunte
924 3162 1034 3219 anno
1067 3140 1193 3249 1464.

161 3253 217 3337 ad
264 3254 385 3342 Patri
422 3250 679 3339 Cathedratn
727 3257 894 3338 caecius
932 3253 1031 3338 est·
1074 3262 1194 3370 Quae
1282 3290 1284 3294 ·

162 3398 255 3455 curn
289 3369 352 3454 ita
396 3370 503 3473 sint,
537 3398 614 3483 pro
655 3372 903 3485 apocryphis
937 3370 1080 3460 haberi
1121 3381 1197 3462 de·

163 3491 267 3573 bcnt
302 3486 539 3591 editiones,
580 3516 686 3600 quae
709 3491 805 3573 ·hoc
839 3516 950 3573 anno
991 3495 1198 3607 antiquio·

165 3633 227 3696 res
252 3601 633 3691 circumferuntur.
657 3606 769 3720 Qia
791 3634 893 3692 vero
918 3608 1095 3712 Veneti,
1116 3618 1195 3699 Bo·

166 3718 411 3825 norrenses,
444 3728 482 3808 δι
515 3720 849 3813 Mediolanenses
895 3729 1119 3816 venditant
1149 3762 1199 3816 o·

699 3847 737 3929 C
1100 3875 1201 3960 pera
