3117 4709
240 437 286 512 n
389 417 454 491 nr:
478 413 843 490 ruroourrurr
875 418 1096 497 nonnus

146 557 148 561 ’
235 545 1256 631 m

229 685 344 792 ‚apud
378 681 486 792 ipsos
519 678 676 772 ludos,
709 699 757 757 ac
770 672 1013 787 Japponeul
1010 705 1051 761 es
1072 680 1144 790 (9)
1165 672 1271 764 felia·

235 804 343 942 eiter
363 795 563 954 pervenit
595 818 660 879 ars
690 788 920 877 utilillrrna
937 821 1101 904 magno
1131 795 1266 882 sciens

1182 916 1273 1000 Ila

233 1061 1271 1107 m

231 1152 304 1215 (lor
326 1146 430 1211 ‘Ionn¹
428 1142 500 1205 ·.Ill
533 1140 568 1206 in
600 1140 808 1225 Praefatune.
832 1140 893 1203 Hic
918 1157 1032 1206 tamen
1051 1147 1172 1212 Romae
1201 1148 1268 1213 mi

232 1245 268 1314 hi
305 1237 414 1311 vidire
442 1238 582 1329 contigit
607 1240 750 1351 quinque
776 1237 1001 1325 exemplaria3
1042 1242 1104 1308 alia
1135 1240 1272 1335 iortalsei

233 1342 384 1409 nonnulla
407 1341 540 1408 latent.
567 1332 672 1400 Tituli
707 1334 844 1402 variatio
876 1337 910 1401 irr
938 1338 1066 1406 diversis
1100 1331 1266 1430 exempla-

234 1442 324 1509 ribus
343 1440 422 1505 licet
450 1437 579 1501 aliunde
604 1432 771 1497 simillimis
791 1435 927 1501 maxime
945 1449 1079 1524 torquet
1094 1431 1278 1509 eruditum

234 1544 420 1611 auctorem,
435 1533 499 1600 cui
521 1532 651 1621 quidem
664 1531 750 1597 nulla
766 1528 917 1620 snperelse
929 1549 1056 1621 poterat
1068 1536 1263 1613 difficultas
1273 1567 1276 1576 ·

233 1638 258 1702 sr
291 1629 480 1701 meminisset
515 1629 575 1696 hoc
602 1629 671 1717 ipso
698 1629 856 1704 saeculo,
874 1630 924 1694 &
958 1636 1093 1701 maxime
1131 1639 1277 1702 Ineunte·

232 1735 322 1803 XVI.
348 1754 388 1799 ex
411 1730 609 1801 librariorum
637 1729 745 1795 fraude
772 1729 805 1792 id
833 1725 921 1816 saepe
944 1731 1265 1813 farrum-rulime,

233 1848 327 1900 certo
352 1830 506 1899 editionis
529 1828 601 1892 loco
627 1827 724 1915 nragis
745 1842 919 1913 torquetur
936 1827 1021 1893 idem
1046 1837 1181 1909 autior,
1207 1822 1268 1896 ness

234 1953 299 2018 que
335 1930 420 1997 enim
457 1923 543 2002 nolle
582 1922 707 1991 uidetur
731 1925 887 1991 officinam
920 1926 1087 1996 Arabicam
1111 1927 1261 2002 Medicea

234 2028 450 2113 antiquiorem
473 2070 484 2100 ,
509 2027 542 2089 in
562 2044 624 2111 qna
641 2043 723 2086 anno
747 2044 852 2102 1592.
879 2022 953 2089 libri
978 2021 1069 2107 hujus
1094 2028 1198 2095 editio
1219 2030 1265 2091 ia.

234 2130 282 2191 &a
309 2124 380 2200 est,
404 2144 470 2210 quo
500 2138 646 2205 tempore
663 2151 664 2155 ¹
680 2120 734 2184 vix
759 2120 943 2187 nascebatur
967 2123 1089 2189 officina
1113 2127 1280 2201 Mediceas

233 2223 394 2288 Arabica
422 2220 513 2284 Huic
540 2216 658 2281 auiiori
686 2216 795 2304 ignota
831 2218 918 2285 fnisse
955 2221 1084 2288 videtur
1119 2225 1277 2299 officinae,

233 2318 314 2389 Funi-
333 2320 482 2388 Fortunae
502 2314 616 2394 ruina3
644 2310 719 2379 baec
742 2315 831 2381 enim
853 2319 960 2402 paucis
992 2321 1082 2384 annis
1105 2326 1264 2405 perdura-

222 2418 307 2508 μὴ,
333 2415 400 2481 δι
391 2436 425 2481 m
447 2414 516 2501 ipso
537 2414 602 2479 fere
624 2425 699 2479 ortu
723 2413 860 2481 eatinus
886 2416 1097 2503 paucissimos
1107 2420 1268 2505 produxit

233 2512 359 2589 libros,
386 2507 991 2605 quiquidemsuntinsrgnisraritaris.
1011 2518 1170 2581 Eumdern
1189 2527 1265 2583 er'u-
1279 2563 1281 2568 ·

231 2616 339 2680 dirum
370 2610 473 2677 virum
508 2608 629 2674 larebat
664 2608 839 2697 linguarum
874 2629 1074 2679 externarum
1109 2608 1273 2682 officim·

232 2711 291 2780 iub
304 2705 557 2780 GREGORIO
559 2704 649 2771 XIII.
674 2708 814 2781 ereiia,
812 2728 868 2775 ex
894 2733 955 2796 qua
980 2712 1106 2797 prodiit
1127 2712 1284 2784 officinm.

233 2807 467 2882 Arabicum,
458 2826 491 2888 m
515 2802 569 2868 hac
598 2799 716 2868 nostra
727 2801 927 2871 Bibliotheca
949 2812 1006 2872 ⁵8.
1028 2809 1198 2876 Trinitatis
1211 2814 1280 2882 sle.

187 2985 191 2992 ,
233 2905 402 2974 Montibus
414 2901 447 2968 in
459 2902 550 2969 Colle
564 2901 775 2969 Hortulorum
796 2900 980 2971 asservatum
993 2952 1004 2982 ‚
1023 2904 1199 2976 charaiiere
1212 2930 1267 2973 ru·

232 3005 318 3080 bro,
341 3001 375 3065 δι
389 3001 481 3090 nigro
492 3012 658 3063 exaratum
669 3020 725 3085 per
737 2998 991 3068 DOMINICUM
1002 3005 1140 3071 BASAM
1159 3014 1267 3087 1584

231 3122 266 3167 m
282 3111 312 3166 8
324 3101 386 3165 Sub
398 3102 513 3164 eodem
525 3093 643 3165 IULIO
653 3095 696 3163 ΙΙ
705 3096 797 3167 IOH.
811 3099 986 3167 POTKEN
999 3103 1122 3168 Romae
1136 3104 1262 3169 curavit

233 3198 344 3265 confici
356 3195 547 3264 charaiieres
559 3190 736 3258 Chaldaeos
748 3197 911 3284 antiquos,
921 3202 961 3266 de
974 3222 1039 3286 qno
1050 3200 1133 3267 infra
1137 3220 1202 3289 cap.
1205 3202 1262 3268 IV

281 3298 338 3384 (9)
365 3288 575 3357 InBibliorh.
589 3289 739 3380 Angelit'a
765 3316 795 3356 v.
818 3319 849 3383 g.
875 3299 1006 3363 tratiavi
1030 3297 1148 3363 librum
1173 3300 1261 3364 XVI

230 3390 391 3459 {arculo
380 3411 481 3478 impie
464 3386 559 3455 elium
584 3409 672 3454 more
693 3388 804 3460 nostro
829 3396 914 3478 apud
939 3395 1180 3481 lapponenses,
1206 3418 1262 3460 cn·

229 3497 279 3572 jus
312 3488 430 3554 titulus
467 3488 507 3551 src
544 3483 670 3551 habet.
705 3489 985 3556 EMMANUELIS
1020 3494 1263 3563 ALVAREZr

230 3593 377 3661 Socraten
399 3589 470 3672 Iesu
490 3590 522 3653 dc
547 3587 735 3655 nunaunt
759 3589 968 3657 Grammaticis
991 3593 1071 3655 libri
1095 3611 1158 3661 tres
1172 3592 1235 3664 Θί.
1225 3630 1264 3669 .,

229 3688 356 3753 aceedit
381 3683 612 3768 interpretatio
632 3683 839 3769 lappouica
828 3706 922 3770 impr.
948 3687 981 3750 in
1006 3688 1153 3780 Collegio
1167 3693 1263 3760 Arna-

228 3785 345 3882 ensenfs
383 3787 456 3847 Soc.
489 3779 560 3853 lesu
594 3798 676 3844 auno
700 3782 890 3849 MDXCIII.
912 3783 1040 3851 Constat
1073 3809 1151 3866 170.
1175 3788 1265 3853 ¹soliis

1148 3885 1322 3948 'iu.
