3117 4709
215 682 279 762 M.
304 677 355 758 T.
377 679 635 764 Caceuouas
671 681 734 762 De
765 679 953 769 Oratore
979 680 1078 770 libri
1111 691 1196 773 ΙΙΙ.

1128 813 1194 890 De

148 1035 218 1102 Rus
242 1034 346 1098 LIVII
366 1033 577 1116 manuscripta
607 1051 681 1117 prae
705 1029 850 1095 manibus
876 1029 1051 1114 babuerit;
1071 1036 1105 1101 id
1132 1063 1209 1106 ve.-

147 1155 187 1197 ro
211 1133 316 1198 minus
342 1149 488 1197 accurate
517 1131 637 1196 ditium
660 1126 727 1193 esl.
754 1128 893 1217 Legatur
917 1135 1001 1198 enirn
1025 1131 1190 1218 epistola..

145 1235 188 1298 ad
214 1229 498 1295 CARDINALEM
538 1226 775 1291 PAPIENSEM
786 1270 797 1300 ,
832 1250 928 1315 quam
950 1233 1110 1318 praemisit
1135 1233 1192 1298 LI.

147 1327 228 1393 vlo
254 1325 347 1408 hujus
370 1326 524 1392 editionis
546 1325 770 1391 CAMPANUS
783 1366 795 1396 ‚
820 1324 854 1389 &
876 1351 972 1414 quam
995 1331 1113 1394 iterum
1131 1334 1192 1397 im.

147 1425 246 1511 primi
267 1427 392 1489 curavit
417 1426 450 1488 in
475 1427 667 1493 Comunturiir
689 1443 790 1491 rerum
811 1429 1046 1496 memorabilium
1069 1428 1124 1493 PIl
1145 1431 1191 1495 Il.

147 1527 235 1593 editis
270 1521 463 1608 francofurti
495 1544 571 1588 auno
600 1530 705 1596 1614.
739 1524 771 1586 in
803 1520 860 1606 sol.
888 1541 960 1612 pag.
993 1529 1189 1608 72²·211b1

146 1619 371 1685 CAMPANUS
406 1619 475 1706 post
497 1621 592 1684 fusam
623 1635 789 1684 tantorum
819 1618 962 1686 laborum
999 1625 1191 1714 descriptio-

145 1739 220 1783 nem
243 1719 361 1784 diserte
376 1718 506 1792 scribit,
529 1720 698 1808 srcollatr's
710 1719 928 1803 exemplaribus
936 1723 1082 1808 piurimis
1096 1747 1189 1792 uuum

145 1822 263 1884 tandum
283 1821 323 1883 ab
343 1822 497 1886 erroribus
525 1831 717 1904 repurgatum
746 1819 814 1901 suis
841 1825 1031 1907 typographis
1057 1828 1191 1892 edendum

143 1915 243 2006 dadiffe
254 1958 267 1990 ,
285 1917 375 2005 seque
392 1921 528 2002 primum
546 1914 633 2004 suiffr
652 1919 839 2001 pronuntiat
850 1957 862 1988 ‚
887 1921 940 2004 qui
963 1923 1039 1987 hunc
1060 1921 1190 1988 labarent

136 2017 338 2101 susceperit.
374 2012 482 2076 Multo
518 2014 617 2077 etiam
645 2009 843 2097 probabilius
871 2011 944 2089 est,
977 2017 1189 2081 CARDINA·

142 2111 237 2176 LEM
260 2109 496 2175 PAPIENSEM
521 2109 579 2173 hos
606 2109 745 2173 Codices
772 2130 873 2185 mss,
900 2132 980 2197 quos
1006 2115 1070 2202 ipse
1097 2131 1188 2182 tanta

141 2207 313 2300 diligentia
337 2209 549 2295 conquisierat
573 2253 583 2282 ,
608 2206 816 2271 CAMPANO
842 2206 1108 2290 subministrasse,
1137 2228 1188 2278 at·

138 2331 206 2398 que
231 2307 329 2374 etiam
351 2325 475 2372 certum
501 2303 546 2370 est
573 2299 722 2372 exstitisse
759 2306 844 2370 inter
882 2304 958 2374 haec
991 2309 1185 2400 exemplaria

138 2407 224 2475 illud
257 2404 502 2471 PLurARcHI
536 2409 570 2472 ule
604 2407 679 2469 uitis
706 2407 843 2476 uirorum
869 2407 1036 2476 illusionum
1048 2455 1060 2485 ,
1098 2407 1189 2497 quod

139 2501 345 2572 DONATUS
371 2502 622 2572 ACCIAJOLUS
645 2519 884 2588 comparaverat
913 2509 1024 2592 (teste
1048 2508 1107 2574 lib.
1137 2505 1187 2570 su.

139 2602 302 2693 pracitato
323 2622 394 2690 pag.
425 2600 556 2683 542.)‚
582 2618 681 2685 atque
705 2598 764 2663 hoc
797 2601 882 2665 idem
921 2601 966 2667 est
991 2605 1153 2692 exemplar
1170 2647 1186 2680 ,
1251 2675 1255 2692 ι

139 2723 210 2790 quo
232 2699 303 2764 usus
328 2696 374 2763 est
394 2698 619 2762 CAMPANUS
647 2700 680 2760 in
707 2701 843 2784 paranda
864 2701 973 2785 operis
1000 2701 1089 2782 hujus
1117 2702 1201 2769 edi--

137 2801 231 2866 tione
254 2800 369 2863 eodem
394 2812 539 2882 tempore
552 2841 564 2872 ‚
586 2817 621 2859 ac
652 2795 802 2859 LIVIUM
825 2796 983 2880 parabat.
1013 2801 1182 2866 Praeterea
1217 2835 1227 2850 ι

136 2898 228 2966 omni
257 2910 344 2959 caret
382 2895 656 2962 verisimilitudine
696 2892 935 2958 OAMPANUM
972 2897 1183 2967 JOHANNIS

136 2994 350 3060 ANDREAE
377 2993 538 3060 laboribus
560 2994 710 3058 indecore
733 2990 864 3055 omnino
886 2992 974 3056 usum
1000 2992 1114 3070 fuisse,
1139 3014 1182 3060 eo

136 3093 325 3185 praesertim
346 3109 492 3178 tempore
505 3136 517 3167 ‚
539 3113 603 3178 quo
629 3089 723 3179 primi
749 3089 799 3154 illi
825 3089 986 3159 Romanae
1018 3095 1184 3182 Typogra-

137 3190 232 3281 phiae
257 3189 411 3258 nascentis
437 3197 579 3256 autlores
615 3189 679 3256 sese
699 3205 813 3252 mutua
828 3188 1042 3256 aemulatione
1057 3193 1184 3278 procul·

136 3291 240 3358 dubio
264 3289 568 3378 prosequebantur.
595 3291 855 3380 Quaenamvere
882 3292 1080 3375 comparatio
1095 3286 1182 3354 insli-
1232 3369 1234 3374 Ι

135 3392 189 3456 tul
222 3387 327 3477 potest
365 3385 549 3456 indefessum
576 3389 661 3452 inter
686 3383 877 3452 CAMPANI
910 3387 1048 3452 laborem
1072 3389 1105 3452 in
1127 3387 1185 3451 LI·
1259 3417 1263 3424 ·

138 3489 274 3552 VIANA
298 3493 425 3556 editione
447 3489 653 3558 adornanda,
675 3485 708 3548 δι
734 3485 819 3548 inter
836 3487 979 3561 nudam,
1003 3508 1038 3551 ac
1061 3484 1184 3572 simpli-

138 3609 210 3655 cem
238 3611 257 3650 a
292 3585 494 3657 JOHANRE
534 3584 717 3649 ANDREA
740 3596 899 3647 tentatam
923 3584 1141 3651 imitationem
1167 3579 1184 3646 ζ

138 3687 279 3753 Aliunde
296 3685 417 3750 Rornae
437 3690 503 3764 jam
519 3684 599 3751 aliae
618 3698 707 3749 erant
730 3679 975 3760 bibliothecae,
999 3685 1085 3748 inter
1103 3700 1185 3770 quas

137 3785 298 3855 numerari
332 3779 435 3882 pollet
461 3828 474 3861 ,
505 3804 588 3871 quae
614 3795 683 3850 erat
713 3779 927 3846 POMPONII
963 3781 1093 3848 LAETl
1118 3782 1184 3843 in.»

1092 3877 1186 3940 Mon·
1236 3853 1398 4275 Δ
