3117 4709
437 389 1074 479 enrnrsrcunnnrr
1235 372 1342 507 ς,’
1446 375 1448 382 ’

274 540 1292 627 «ἔξω
1417 553 1426 578 ·

255 698 303 756 re
322 725 336 771 ,
363 694 542 777 eamque
560 669 789 751 emendare
809 668 1033 777 potuisset,
1068 698 1174 783 quae
1191 674 1286 782 qui.

255 789 358 876 dem
401 786 592 871 dostrina
621 783 662 866 in
701 809 848 871 tenera
889 787 1023 872 adhuc
1068 806 1208 875 aetate
1237 792 1285 877 fi·

253 907 355 995 dem
396 906 592 1015 superat.
624 908 679 988 Et
712 898 883 1018 quidem
918 903 1168 989 Beroaldum
1214 935 1286 994 no-

256 1053 355 1113 vern
383 1023 605 1109 dumtaxat
640 1049 768 1107 annos
799 1046 943 1109 natum
974 1020 1085 1124 fniffe
1113 1023 1285 1137 colligi-

256 1161 329 1231 tur
364 1172 413 1228 ex
455 1143 619 1226 dnobns
668 1137 790 1250 ipfius
834 1141 945 1227 vitae
975 1138 1282 1250 scriptoribus,

257 1264 415 1373 quique
446 1261 535 1368 ejus
580 1254 773 1369 discipuli
803 1256 999 1359 fuerant,
1033 1286 1183 1367 nempe
1207 1264 1300 1381 Jo-
1376 1327 1385 1336 .

255 1380 413 1466 hanncr
450 1380 581 1462 Pinus
609 1375 839 1463 Tolosanus
874 1376 1007 1490 (75),
1040 1379 1079 1459 &
1107 1380 1288 1464 Bartho-

254 1500 437 1584 lomaeus
488 1493 765 1581 Bianchim‘us
805 1496 938 1611 (76),
972 1522 1153 1606 quorum
1197 1498 1284 1608 pri-

256 1642 350 1701 mus
401 1611 648 1699 Beroaldunr
699 1612 838 1699 obiifle
882 1614 1025 1699 scribit
1069 1616 1284 1701 Bononiae

256 1733 326 1820 die
364 1730 561 1849 17.Julii
595 1732 692 1814 anni
727 1757 885 1836 1505.,
917 1731 1041 1843 seque
1064 1730 1283 1817 oculatum

255 1852 411 1938 mortis
443 1851 585 1935 restem
622 1845 828 1933 affirmat:
860 1846 1062 1933 secundus
1107 1877 1209 1933 vero
1249 1852 1284 1934 i·

253 1969 370 2085 psurn
411 1989 558 2054 natum
593 1965 667 2051 esse
701 1962 830 2050 refert
873 1964 1049 2075 septima
1078 1962 1148 2051 die
1188 1971 1285 2052 No·

256 2088 441 2175 vembris
477 2086 573 2169 anni
607 2110 768 2190 1453„
802 2087 841 2167 &
869 2083 1088 2169 mortuum
1131 2086 1282 2169 aetatis

257 2204 353 2292 suae
386 2233 477 2289 ann.
500 2228 569 2309 51.
595 2198 767 2287 menfib.
791 2208 831 2285 8.
864 2202 975 2287 dieb.
999 2225 1040 2314 9·
1069 2207 1184 2288 Haec
1210 2230 1284 2288 au·

257 2344 347 2410 tem
379 2350 491 2406 mors
518 2321 664 2404 incidit
690 2322 730 2402 in
758 2319 872 2409 dient
903 2343 969 2424 17.
993 2318 1095 2435 Julii
1126 2345 1281 2426 1505·‚

257 2441 357 2526 ficut
398 2438 545 2526 retulit
570 2440 723 2523 Pinus.
755 2443 890 2523 Porro
915 2466 1132 2523 anurnero
1154 2459 1285 2544 1505.

257 2557 443 2665 demptis
460 2557 575 2640 annis
595 2581 663 2662 5¹·
681 2609 694 2654 ,
721 2576 840 2640 natus
858 2556 914 2641 est
932 2554 1158 2641 Beroaldus
1172 2584 1284 2641 anno

262 2705 417 2786 1453.,
440 2702 487 2760 ac
507 2675 686 2787 proinde
700 2674 925 2759 Beroaldus
942 2703 1050 2758 anno
1069 2674 1193 2781 1462.
1212 2703 1284 2758 no·
1403 2716 1405 2720 ·

257 2819 354 2878 vern
378 2820 508 2876 annos
532 2819 612 2875 non
634 2791 897 2890 excedebat,
923 2821 1004 2903 qua
1027 2811 1169 2878 aetate
1189 2795 1284 2876 Pto·

259 2908 415 2993 lemaer'·
441 2911 620 2996 editioni
658 2910 868 2995 curandae
896 2938 969 3020 par
998 2935 1077 2992 non
1115 2902 1225 2999 fuit.

315 3029 368 3110 V.
401 3025 593 3112 Tandem
624 3025 751 3133 posset
783 3028 909 3113 etiam
946 3027 1073 3137 objici
1102 3029 1282 3139 signatu·

258 3172 396 3230 rarum
430 3146 518 3232 usus
547 3146 588 3228 in
620 3147 696 3227 hac
717 3146 905 3231 editione
936 3146 1176 3248 adhibitus,
1210 3146 1284 3259 qui

256 3289 353 3348 curn
388 3266 495 3376 apud
532 3262 783 3349 celebriores
825 3270 1017 3375 Europae
1060 3265 1282 3376 Typogra·

725 3385 818 3463 Dr
1175 3388 1280 3494 phos

298 3583 376 3669 (75)
400 3583 436 3645 In
459 3584 526 3650 vita
551 3583 731 3649 PHILIPPI
752 3584 977 3652 BEROALDI
1009 3587 1152 3679 impressa
1185 3596 1280 3663 Bono.

254 3680 318 3748 niae
343 3702 426 3744 anno
455 3702 558 3762 1505.
592 3683 625 3745 in
647 3708 681 3757 4.

303 3779 382 3862 (76)
408 3780 444 3842 In
470 3780 521 3843 sua
548 3781 745 3846 praefatione
765 3784 806 3845 ad
831 3781 1083 3855 SVETONIUM
1108 3789 1202 3878 impr.
1229 3792 1281 3869 lle·

258 3879 345 3943 retiis
370 3897 454 3943 anno
470 3898 589 3957 v1510.
614 3879 647 3942 in
670 3878 733 3953 foi,
830 3936 834 3941 .
