3117 4709
272 650 363 734 Die
390 674 487 732 uero
512 651 611 736 XII·
649 680 793 739 ments
820 656 1063 772 januarii·
1088 661 1216 742 Rome
1260 664 1308 746 in

1220 785 1309 864 Do-

291 939 1311 974 Μ

251 1035 335 1083 'nuo
349 1061 362 1092 ,
387 1019 565 1104 eodemque
594 1035 741 1106 tempore
753 1037 818 1103 non
831 1017 977 1085 edidisset
989 1067 1000 1096 ,
1013 1043 1074 1107 qua
1098 1023 1220 1087 ratione
1236 1017 1303 1107 post

262 1114 394 1180 FLORI
431 1122 571 1202 epitomen
597 1135 655 1201 per
680 1117 811 1178 modum
836 1121 956 1202 regifsri
995 1116 1196 1199 subjunxisset
1231 1137 1302 1184 vet·

262 1210 344 1276 bum
373 1213 497 1282 initiale
519 1213 662 1298 triplicis
699 1213 863 1289 Decadis‚
885 1235 948 1278 non
979 1239 1056 1283 vero
1078 1217 1215 1306 ipsorum
1237 1216 1301 1304 Co·

263 1307 406 1376 dicum}
431 1312 512 1408 Qis
534 1311 619 1376 enim
640 1311 689 1377 ilii
726 1308 952 1397 suppeditasset
976 1313 1051 1380 haec
1083 1315 1218 1380 initialia
1230 1335 1300 1380 ver-
1324 1329 1328 1336 '

261 1410 324 1483 ba,
352 1409 375 1470 st
401 1409 598 1499 integrorum
629 1406 917 1496 manuscriptorum
942 1412 1099 1478 Codicum
1127 1414 1234 1497 inopia
1257 1411 1300 1475 la-

260 1501 426 1573 borasset?
452 1509 648 1582 Praeterea,
675 1527 711 1576 ut
738 1514 802 1587 jam
822 1507 912 1597 supra
933 1513 1064 1586 monui,
1091 1527 1164 1575 ante
1178 1508 1298 1600 QUIN·

262 1601 427 1672 T1L1AN1
442 1605 621 1670 editionem
652 1607 761 1670 datam
784 1607 888 1671 mense
913 1607 1051 1696 Augusto
1078 1609 1226 1673 LIVIUM
1236 1612 1301 1685 jam

260 1700 316 1765 edi
343 1719 511 1767 curaverat
540 1702 762 1768 CAMPANUS
786 1722 867 1766 anno
898 1728 1029 1783 1470.,
1058 1729 1123 1794 quo
1138 1725 1220 1769 anno
1245 1726 1299 1790 ap·

259 1799 368 1884 paruit
397 1800 530 1864 LIVIUS
557 1801 815 1874 VINDELINI,
844 1801 877 1864 δι
902 1823 983 1865 anno
1013 1825 1115 1879 1471·
1141 1804 1299 1866 ineunte»

259 1897 409 1966 ianuario
453 1899 664 1963 Ratisbonam
699 1900 858 1986 prosedtus
903 1898 948 1963 est
986 1921 1058 1963 cum
1089 1896 1299 1965 CADINALI

258 1995 457 2070 sENENsl,
483 1997 564 2068 sicut
588 1995 675 2082 supra
702 1998 870 2066 diximus:
898 2019 974 2086 ergo
989 2018 1071 2061 anno
1101 2019 1202 2073 1471.
1218 1995 1299 2058 duas
1404 2039 1406 2044 -

257 2091 390 2162 ultimas
420 2095 568 2162 Decades
599 2115 707 2162 curare
731 2115 796 2158 non
823 2096 956 2179 potuit,
984 2096 1106 2162 tardius
1131 2094 1231 2182 igitur
1249 2091 1297 2156 in-

259 2207 360 2256 eunte
382 2210 466 2254 anno
496 2213 597 2268 ¹470·
623 2194 656 2255 in
682 2192 785 2260 lucem
812 2191 961 2258 LIVIUM
987 2192 1154 2279 proposuit
1179 2185 1294 2252 ULRI·

260 2288 339 2352 CUS
365 2291 481 2364 HAN,
511 2290 693 2377 &quidem
714 2290 937 2376 completum.

308 2388 398 2453 Hanc
414 2409 489 2476 ergo
512 2387 654 2473 priorem
666 2411 703 2454 ea
716 2387 943 2451 VINDELINI
953 2432 965 2461 ,
992 2388 1025 2451 δι
1039 2411 1076 2453 ea
1090 2385 1294 2477 JOHANNIS¹

254 2487 472 2556 ANDREAE
495 2485 647 2554 affirmo.
676 2488 751 2580 Qio
784 2507 860 2551 vero
890 2486 930 2548 ad
962 2484 1169 2551 charasierum
1197 2506 1294 2548 venu-

255 2583 396 2661 statem,
423 2607 460 2648 ac
485 2586 750 2672 magnificentiam
772 2582 915 2670 aequalis
941 2581 1050 2648 saitem
1079 2582 1122 2652 est
1150 2581 1294 2646 Vindeli-

257 2681 404 2758 manae,
429 2681 483 2750 sed
511 2679 653 2750 editioni
685 2682 769 2766 apud
798 2680 957 2743 Maximus
980 2685 1120 2765 peratiae
1136 2681 1229 2768 longe
1245 2677 1296 2740 su·

256 2780 366 2868 perior
393 2823 406 2854 ‚
433 2781 580 2867 adeoque
603 2778 793 2847 CAMPANI
818 2777 920 2840 labori
950 2778 1097 2864 princeps
1127 2777 1215 2843 locus
1250 2771 1294 2840 est

257 2877 480 2942 tribuendus.
518 2873 673 2965 Regulam
705 2892 815 2940 autem
848 2875 1023 2963 generalem
1058 2877 1218 2940 occasione
1241 2871 1293 2938 ha·

256 2993 328 3037 rum
350 2973 492 3042 omnium
522 2973 663 3041 ULRICI
690 2973 779 3038 HAN
806 2972 986 3039 editionum
1008 2971 1096 3058 supra
1124 2973 1294 3035 relatarum

255 3068 435 3137 institutam
450 3092 509 3158 pro
532 3073 710 3161 affignanda
733 3072 888 3157 temporis
912 3072 1081 3155 prioritate
1109 3069 1200 3132 unius
1219 3088 1292 3153 prae

259 3169 399 3243 astera,
439 3191 511 3233 cum
551 3169 662 3234 deficit
696 3169 828 3252 penitus
858 3167 930 3232 anni
956 3183 1032 3234 nota
1057 3212 1066 3230 .
1090 3166 1115 3230 Ι.
1138 3164 1293 3228 ΙΟΗΑΝ-

254 3266 322 3353 .le
346 3264 528 3334 ANTONII
559 3267 748 3334 CAMPANI
783 3266 869 3330 soliti
895 3262 998 3328 versus
1015 3310 1027 3340 ‚
1050 3284 1163 3350 nempe
1193 3264 1291 3348 Anser

260 3364 387 3451 Tarpeii
409 3369 499 3434 rusios
515 3365 602 3440 δία,
627 3363 721 3434 alicui
739 3363 876 3433 editioni
894 3362 1007 3441 adjecti
1028 3363 1199 3452 srgrrificant
1214 3357 1290 3422 hanc

256 3485 276 3525 a
298 3462 406 3531 medio
438 3485 520 3531 anno
555 3471 658 3543 1469.
692 3460 789 3548 usque
821 3462 978 3523 adfinem
1008 3459 1196 3524 Decembris
1219 3453 1290 3518 anui

260 3562 517 3646 1470.prodire
551 3554 725 3634 debuisse,
757 3559 831 3645 quia
855 3572 930 3620 toto
957 3578 997 3619 eo
1031 3577 1202 3642 tempore,
1232 3573 1289 3617 nec

257 3657 397 3720 ulterius
430 3659 569 3723 officinae
601 3656 741 3722 ULRICI
763 3656 851 3718 HAN
875 3654 1014 3738 praefuit
1037 3653 1288 3725 C‘iMPANUS,

258 3753 350 3826 &eo
372 3757 516 3848 profesto
547 3757 679 3824 ineunte
711 3774 794 3825 anno
827 3773 929 3832 147¹·
956 3750 1017 3820 asia
1047 3751 1120 3820 usus
1146 3748 1191 3815 est
1218 3750 1287 3907 [ὲὸ-Ι
