3117 4709
511 399 622 478 xv,
679 403 1048 480 sarcoar
1233 426 1302 504 ιη

269 541 1301 630 m

265 677 423 779 dicte,
463 683 520 767 <9⁰
559 680 802 762 continuate
839 680 965 760 Rome
998 694 1081 787 per
1110 679 1304 782 Ulricum

264 800 366 880 Han
397 824 504 881 anno
532 796 708 877 Domini
730 792 848 876 mille
864 820 944 875 imo
965 792 1304 906 quadringente·

249 910 362 1025 stmo
382 908 637 1029 stangefimo
646 910 857 1024 septimo,
873 910 945 994 die
969 912 1126 1026 ultima
1158 907 1301 1024 mensss

266 1030 545 1122 Decembris·
578 1036 614 1115 1.
635 1033 690 1114 R.
719 1030 762 1113 in
788 1026 865 1115 fol.
908 1023 1176 1142 cunr-'figuris
1204 1032 1302 1150 (d).

580 1265 988 1400 Mcccctxvm.

329 1509 637 1592 tacitanus
670 1503 726 1588 de
769 1500 932 1586 Divinis
968 1500 1300 1590 institutionibus

264 1652 317 1712 ex
366 1625 660 1735 recognitione
692 1621 849 1707 Fratris
894 1615 1032 1707 adam
1068 1623 1298 1710 Genuensrs

282 1739 408 1830 ‘Hac
440 1740 652 1829 Conradus
679 1757 773 1850 opus
811 1743 903 1828 cyr.
933 1732 1030 1851 (a).

1250 1847 1299 1943 in

313 2037 359 2122 (Δ)
386 2029 489 2094 Tanta
509 2027 554 2096 est
577 2030 731 2095 editionis
757 2027 847 2109 hujus
871 2029 1014 2102 raritas,
1042 2046 1079 2094 ut
1100 2032 1156 2096 nisr
1178 2034 1297 2099 consta-

262 2143 317 2195 ret
342 2130 532 2196 authoritate
550 2132 685 2192 duorum
714 2127 919 2213 peritorum,
947 2126 1211 2217 ocrrlatorumque
1231 2150 1298 2198 ter·

262 2229 371 2303 tium,
395 2229 435 2291 de
461 2231 527 2305 ejus
550 2222 726 2291 exsistentia
747 2219 847 2311 pollet
863 2223 1028 2289 dubitari.
1050 2224 1180 2293 Exstare
1207 2232 1294 2296 enim

263 2326 299 2390 in
321 2322 521 2390 Bibliotheca
547 2322 674 2411 publica
701 2322 961 2410 Norembetgensr
986 2343 1083 2387 unum
1112 2328 1298 2415 exemplar,

261 2422 297 2487 δι
327 2423 357 2489 le
385 2422 468 2486 illud
494 2416 632 2486 tractasse
662 2417 816 2485 testantur
848 2418 1069 2484 MEERMAN
1100 2427 1210 2513 origin.
1235 2430 1298 2515 Ty.

251 2527 367 2610 graph.
396 2534 461 2606 cop.
483 2523 538 2587 IX·
565 2536 633 2606 pag.
658 2539 761 2597 250„
784 2518 818 2581 δι
851 2518 1080 2581 HEINEKEN
1114 2519 1146 2583 in
1184 2524 1294 2609 libro,

259 2620 313 2683 eoi
339 2615 485 2683 titulus:
522 2623 583 2686 Ine
615 2619 713 2684 d'une
747 2617 890 2684 collellion
920 2618 1069 2702 complettc
1087 2618 1293 2710 d’ellampes,

259 2716 356 2801 impr.
386 2714 507 2803 Lipsiae
534 2717 567 2779 in
595 2723 627 2780 8.
657 2735 760 2791 1771·
782 2713 883 2791 Hujus
909 2720 971 2794 jam
994 2716 1182 2781 meminerat
1213 2719 1295 2785 OR-

259 2813 398 2879 LANDI
417 2815 458 2897 ‘in
480 2834 576 2901 opere
595 2858 607 2888 ,
631 2813 683 2876 eui
702 2810 847 2875 titulus:
877 2814 1027 2897 Origine,
1050 2838 1065 2882 e
1082 2824 1293 2911 progreffldet.

259 2914 292 2979 la
316 2916 427 2998 flampa
449 2934 519 3000 pag.
544 2932 625 2990 ης.
647 2909 832 2975 eharaoere
855 2906 997 2975 Gothico
1017 2912 1179 2999 grandiori
1218 2917 1296 2986 usus·

256 3006 302 3074 est
331 3009 506 3072 ULRICUS
536 3008 647 3085 HAN,
671 3028 728 3072 nec
760 3028 801 3072 eo
826 3009 903 3078 alias
929 3005 1000 3070 usus
1032 3006 1099 3083 est,
1128 3033 1225 3096 quam
1254 3018 1288 3084 in

255 3108 375 3173 ceteris
400 3106 619 3183 editionibus,
646 3128 724 3192 quas
749 3106 836 3168 aronis
862 3128 990 3183 ιφ,
1016 3104 1050 3168 &
1075 3127 1175 3189 1473·
1205 3115 1287 3194 ejus.

255 3207 331 3271 dem
351 3206 457 3292 operis
488 3206 655 3271 confecit.
683 3202 854 3290 Exemplar
875 3206 953 3268 licet
990 3203 1207 3287 imperleilum
1230 3235 1288 3300 po.

253 3303 386 3370 streniae
421 3304 577 3369 editionis
610 3303 769 3390 repetitur
800 3302 833 3364 in
867 3298 1069 3365 Bibliotheca
1094 3301 1290 3376 Casanatenfi

251 3403 406 3468 Romae.
430 3401 624 3467 Charadteris
658 3417 767 3466 autem
795 3401 929 3465 formam
947 3396 1099 3466 exhibent
1120 3403 1182 3468 tria
1206 3409 1293 3494 prio.

254 3520 288 3564 ta
315 3502 410 3564 verba
439 3502 557 3590 figurae
580 3501 732 3564 secundae
763 3502 943 3586 Congitrnti
967 3500 1045 3562 mlbr'
1061 3501 1146 3587 saepe
1175 3528 1228 3571 nu.
1245 3509 1292 3572 1³1.

252 3616 348 3684 gntae
373 3619 451 3663 vero
471 3600 558 3687 ligno
586 3597 697 3663 incisae
724 3597 765 3661 80
785 3617 844 3683 pro
874 3618 915 3660 eo
931 3614 1076 3680 tempore
1100 3597 1175 3666 satis
1197 3625 1290 3671 acco·

255 3713 322 3759 rate
348 3695 527 3761 delineatae
548 3695 621 3760 sunt
641 3715 774 3761 numero
802 3694 955 3757 XXXIV.

268 3822 273 3828 ·
307 3792 355 3881 (a)
381 3793 491 3862 Verbo
516 3794 556 3858 ad
574 3795 705 3866 verbum
728 3789 1191 3887 respondentesubscriptione,
1205 3817 1242 3864 ut
1258 3802 1293 3865 ln
1366 3815 1369 3824 “
