3117 4709
352 431 355 437 ·
445 447 447 452 ·
499 404 711 480 CAPUT
750 407 1065 511 QJARTUM
1246 434 1296 509 9t

269 531 1296 620 υ
1396 521 1401 532 ’

271 671 465 757 mandari
495 673 693 759 curavit·
721 671 912 757 Ulrt'cum
948 665 1044 756 Han
1076 668 1298 758 accerfivit

270 791 361 905 jam
391 789 566 875 ineunte
596 818 707 902 apno
750 819 889 902 ¹471;
922 792 961 871 dc
991 792 1032 874 in
1062 792 1297 875 suadomo

269 907 473 993 institutis
511 905 663 1020 praelis
695 909 869 994 eximias
903 907 1112 993 editiones
1144 908 1298 1019 vulga·

271 1027 363 1124 vit,
392 1028 470 1111 hac
491 1025 682 1111 modesta
706 1025 1009 1137 subscriptione
1030 1026 1122 1111 usus
1145 1027 1186 1109 in
1217 1027 1297 1111 do·

267 1172 345 1230 nro
374 1143 472 1262 Job.
520 1144 709 1256 Philippi
746 1143 798 1228 de
839 1142 1127 1254 lignamine.
1176 1144 1308 1255 Alios¹

268 1264 428 1348 deinde
472 1264 782 1375 Typographns
835 1263 1033 1350 eumdem
1082 1265 1124 1345 in
1165 1261 1296 1348 finem

270 1380 477 1466 conduxit
509 1377 634 1495 usque
672 1379 724 1464 ad
755 1408 911 1468 annum
946 1385 1112 1489 1482.,
1154 1382 1296 1492 postea

271 1526 376 1585 veto
400 1494 513 1583 illius
539 1525 690 1584 nomen
722 1497 876 1585 nullibi
902 1501 1097 1589 invenio.
1128 1499 1294 1596 Libris,

268 1644 451 1729 quorum
476 1614 709 1703 editionem
732 1644 980 1717 curaverat,
1004 1612 1294 1702 Praefationes

267 1737 551 1845 praemittere
582 1732 777 1836 solebat,
809 1736 851 1818 in
883 1737 1030 1848 quibus
1055 1733 1169 1822 suam
1198 1760 1295 1819 eru-

265 1854 479 1939 ditionem
510 1880 592 1937 nou
618 1854 781 1953 minus,
808 1880 934 1965 quarn
952 1852 1081 1948 animi
1099 1852 1294 1963 ingenui·

264 1991 404 2058 tatem
437 1970 732 2071 demonstrat,
763 1973 922 2057 Summi
963 1968 1208 2068 pontificis,
1249 1970 1289 2052 ὅ(

261 2092 546 2202 quorumdam
587 2088 879 2178 Cardiualium
931 2084 1132 2175 beneficia
1177 2083 1296 2182 cele„

262 2210 414 2295 brans.
447 2208 624 2322 Aliquos
648 2228 789 2294 tamen
808 2206 1052 2320 perstrinxit
1080 2204 1288 2338 aemulos,

1223 2349 1291 2406 uu.

254 2609 375 2675 diserte
392 2617 516 2692 certum
530 2599 595 2668 est.
619 2602 703 2667 ltern
717 2597 965 2664 MANGETIUS
983 2600 1130 2667 bibitura.
1143 2603 1284 2687 Scripto-

253 2729 325 2775 rum
340 2708 526 2774 Medicorum
541 2701 623 2770 Tem.
638 2704 678 2768 ll.
688 2716 759 2788 pag.
775 2708 831 2763 80.
844 2739 856 2771 ,
883 2697 918 2761 δι
937 2692 1030 2766 JOH.
1044 2695 1284 2762 DOMlNlCUS

260 2803 394 2870 Mansl
416 2801 569 2867 Bibllotb·
593 2799 731 2867 Fabrrcrr
761 2798 842 2866 rom.
868 2792 923 2865 JV.
943 2808 1015 2880 pag.
1039 2814 1146 2874 275„
1172 2793 1292 2885 adferta

261 2906 343 2968 bunt
369 2900 426 2987 ipsc
457 2896 643 2985 opusculum
668 2903 702 2965 de
731 2896 895 2981 Sibyllir,
922 2906 1083 2977 tamquam
1108 2886 1289 2978 impressum

258 2996 450 3088 inpropriis
474 2999 605 3062 aedibus
629 3015 711 3059 anno
731 3004 837 3070 1481.
862 2989 933 3055 Hoc
954 3004 1063 3054 autem
1086 2988 1167 3053 nihil
1196 2987 1286 3053 aliud

258 3096 326 3174 est,
354 3117 450 3183 quam
471 3116 569 3160 unum
595 3113 635 3160 ex
666 3092 827 3179 opusculis
850 3087 943 3159 JOH.
970 3084 1147 3151 PHILIPPI
1167 3106 1208 3152 ex
1232 3104 1287 3149 or-

258 3195 335 3262 dine
363 3194 622 3261 Praedicatorum
650 3191 727 3279 (de
753 3209 819 3278 quo
845 3185 964 3273 supra)
987 3191 1076 3265 cujus
1098 3182 1149 3249 hic
1175 3181 1220 3249 est
1245 3183 1288 3245 ti·

256 3292 375 3360 tulus:
398 3299 444 3363 De
465 3294 618 3379 Sibyllin,
644 3287 681 3361 (5⁴
708 3288 822 3358 Probae
843 3283 997 3353 fulceriae
1021 3279 1213 3355 'Carminibus
1247 3281 1288 3346 ll·

255 3394 377 3467 bellur,
405 3412 466 3459 una
499 3411 571 3458 curn
599 3408 707 3456 earum
733 3384 842 3477 liguris
866 3382 954 3471 ligno
978 3382 1085 3447 incisis
1108 3426 1118 3447 .
1143 3376 1287 3467 Opuscu-

255 3496 362 3558 lorum
386 3509 494 3558 autem
519 3487 609 3569 hujus
635 3483 840 3551 Dominicani
864 3479 1085 3547 colleslionem
1111 3468 1286 3567 impressisse
1313 3519 1317 3528 ·

254 3585 482 3656 PHILIPPUM
499 3587 562 3651 DE
589 3580 832 3651 LIGNAMINE
858 3575 948 3663 supra
978 3595 1191 3646 memoratum
1215 3570 1286 3640 cll.

255 3686 324 3778 Qui
351 3703 460 3754 autem
482 3687 572 3775 plura
593 3690 634 3751 de
665 3682 724 3747 hoc
748 3677 920 3745 Archiatro
942 3677 1063 3744 celebri
1098 3674 1281 3751 desiderat,

254 3790 342 3875 legat
365 3782 619 3853 PROSPERUM
642 3774 904 3847 MANDOSIUM
930 3780 974 3845 De
996 3777 1174 3849 Archluttit
1209 3767 1284 3837 Pon·

255 3886 360 3974 tificllr
384 3884 467 3955 edit.
485 3882 650 3951 Romame
674 3896 758 3947 anno
780 3883 887 3971 ²⁶9⁶?
908 3876 943 3943 r'n
973 3903 1008 3953 4.
1035 3894 1108 3963 pag.
1128 3874 1208 3941 ιη.
