3117 4709
381 349 437 446 er
539 358 605 431 on
630 348 995 454 rrronnnrrrrn
1026 348 1247 431 norrnrrn

380 620 498 694 certe
514 599 568 685 de
597 592 738 682 subtili
760 596 964 709 ingenio,
993 602 1107 710 qnod
1128 597 1289 710 majora
1313 629 1410 688 me·

380 710 597 809 ditabatur
616 767 631 815 ,
664 715 709 799 id
725 707 919 824 suspicari
942 718 1115 804 minime
1124 715 1257 808 licet.
1275 717 1408 832 Apud

384 830 661 927 Cardinalem
685 831 736 915 de
759 835 1115 936 Turrecremata,
1149 837 1222 949 qni
1249 838 1410 925 Mona·

377 954 495 1060 sterii
546 947 801 1040 Sublacenfis
844 972 944 1038 tunc
994 968 1086 1039 erat
1135 952 1406 1040 administra·

379 1100 451 1166 ror
476 1072 650 1188 (104),
683 1071 965 1182 patrocinium
1010 1070 1212 1185 quaelivit
1227 1124 1251 1169 ,.
1275 1094 1410 1183 atque

381 1191 575 1282 invenit:
607 1218 693 1300 quo
727 1181 861 1275 fretus
888 1190 1076 1276 Romam
1104 1188 1289 1301 perrexit
1317 1243 1332 1290 ,
1364 1190 1410 1272 dc

381 1313 433 1401 ab
459 1309 612 1401 eodem
630 1303 861 1395 Cardinale
876 1307 1168 1396 litteratorum
1187 1312 1412 1395 Maecena·

382 1452 430 1518 te
463 1453 548 1512 non
575 1422 711 1511 solunt
751 1425 932 1535 benigne
974 1428 1176 1512 tractatus
1212 1423 1300 1525 est,
1333 1424 1409 1510 sed

380 1547 511 1633 etianr
534 1564 733 1654 rogatus,
766 1556 813 1624 ut
838 1546 926 1628 luas
949 1540 1003 1627 de
1022 1543 1194 1653 pieturir
1223 1539 1412 1629 inclan-

380 1664 465 1751 stro
493 1666 534 1748 S·
564 1662 723 1747 Mariae
757 1654 880 1769 supra
917 1661 1156 1747 Minervam
1197 1654 1411 1747 afferratis

380 1778 681 1874 meditationes
726 1776 981 1879 incideret,
1027 1804 1155 1889 atque
1182 1778 1410 1887 imprime·

337 1982 345 1996 „
380 1905 652 2017 ret,.„-Qare
680 1896 848 1983 Ulrr’cur
871 1900 967 1983 Han
993 1900 1105 2009 prius
1129 1894 1412 2029 cruram

323 2040 326 2046 ⁴
377 2014 568 2102 Arnoldo
602 2018 786 2102 Romam
817 2018 1043 2125 pervenit,
1077 2045 1125 2102 ac
1156 2010 1408 2113 laboravtt,

380 2162 466 2248 quo
494 2154 691 2242 tempore
718 2132 829 2240 apud
865 2133 1131 2220 Sublacenles
1169 2130 1314 2243 praela
1342 2126 1411 2216 su·
1445 2145 1449 2155 ’

384 2249 577 2335 dabant·
608 2249 695 2338 Ubi
742 2270 885 2335 autem
930 2250 986 2336 de
1030 2248 1170 2337 Ulricr‘
1208 2248 1407 2343 fortuna,

381 2394 536 2479 nempe
563 2363 618 2451 de
649 2369 830 2455 invento.
854 2369 1130 2468 Maecenate,
1164 2368 1216 2454 ad
1261 2365 1413 2454 Subla-

379 2477 525 2572 censes
579 2486 882 2597 Typograplros
936 2486 1141 2595 perlatum
1196 2483 1251 2571 est
1302 2510 1412 2569 nun-

384 2603 524 2704 tium,
556 2604 587 2687 ii
615 2603 753 2688 statim
782 2605 892 2688 anxii
919 2610 958 2686 δε
984 2600 1184 2705 solliciti,
1209 2599 1263 2688 de
1296 2627 1410 2689 novo

381 2722 627 2807 charactere
671 2736 760 2806 tarn
805 2725 1023 2821 Graeco,
1082 2748 1208 2837 quarn
1253 2719 1409 2812 Latino

233 2879 236 2886 ·
381 2836 615 2953 quadratae
651 2833 814 2944 formae
849 2836 1122 2950 elegantioris
1158 2835 1410 2923 adornando

382 2956 676 3067 cogitarunt,
721 2974 849 3069 atque
890 2958 986 3042 huic
1042 2955 1276 3044 characteri
1328 2956 1409 3038 Ro-

379 3073 500 3160 mani
533 3100 688 3162 nomen
732 3070 888 3160 deinde
927 3071 1154 3185 adhaefit3
1199 3073 1411 3160 characte-

112 3227 120 3240 ·
184 3226 192 3296 χ
257 3269 259 3275 .
377 3192 433 3280 tis
466 3192 580 3280 enirn
619 3191 761 3282 Latini
793 3183 932 3281 forma
959 3248 974 3296 ,
1006 3221 1088 3306 qua
1118 3187 1411 3389 hadienusfnst

1342 3336 1414 3396 ue·

423 3618 723 3705 (104)llelerento
748 3623 895 3693 AENEA
923 3625 1064 3693 SILVIO
1093 3626 1128 3692 in
1160 3602 1342 3694 Comentan
1366 3632 1408 3697 de

378 3714 474 3779 rebat
499 3717 542 3785 ad
566 3737 638 3782 enm
662 3719 899 3807 pertinentibus
932 3724 990 3792 lib.
1013 3724 1069 3794 vl.
1097 3726 1181 3794 edit.
1206 3726 1403 3799 Francorum

377 3812 454 3891 ,anni
479 3819 585 3927 rora.
607 3838 679 3907 pag.
703 3826 787 3911 ,¹⁶¹-
805 3863 819 3897 ‚
840 3821 874 3888 dc
903 3828 983 3901 167.
