3117 4709
1282 330 1291 376 i

257 381 311 455 60
413 372 478 446 DE
502 365 867 445 TYPOGRAPHIA
897 368 1115 444 ROMANA

265 493 1266 589 ω

271 723 275 728 ·
403 685 1125 783 CAPUT'TERTluM
1239 688 1285 702 ”

320 880 385 960 De
417 859 705 976 Typogropbt'o
739 857 851 972 opud
879 860 1145 976 sublacensis
1174 867 1225 953 in

581 982 696 1089 Agro
728 985 939 1068 Romano.

388 1228 534 1324 Rtem,
564 1218 935 1335 Typographicarn
994 1222 1103 1336 apud
1149 1218 1284 1309 Italos

416 1340 488 1429 sub
517 1340 660 1425 Pdolli
685 1342 742 1421 ΙΙ.
773 1337 1029 1427 Pontificatu
1057 1371 1081 1426 a
1104 1344 1283 1426 Germa·

261 1467 324 1549 nis
357 1459 647 1546 inventoribus
678 1459 887 1543 investam
914 1455 1058 1560 fuisse,
1087 1458 1128 1539 in
1165 1458 1281 1569 capi·

262 1602 308 1668 te
337 1576 540 1687 superiori
567 1574 894 1660 demonstratum
922 1573 1007 1660 est.
1040 1576 1149 1692 Qia
1178 1583 1282 1660 vero

263 1693 486 1781 Loiiontii-
501 1710 596 1803 opus
611 1696 660 1778 de
674 1692 725 1776 de
741 1693 914 1778 Divinis
936 1690 1282 1805 institutionibus

262 1816 374 1928 apud
404 1809 671 1900 Sublacenses
712 1813 943 1898 Monachos
971 1809 1133 1896 editum
1171 1837 1284 1894 anno

265 1933 392 2043 1465·
423 1986 437 2030 ,
472 1930 577 2016 liber
627 1931 687 2016 est
724 1931 909 2016 omnium
947 1928 1283 2036 antiquiffimus,

262 2052 335 2162 qui
362 2054 602 2136 haoenuse
631 2049 743 2157 typis
770 2045 930 2131 Italicis
956 2042 1287 2149 prodiiffeinve·

261 2171 429 2263 niatur,
462 2168 557 2250 hinc
602 2159 813 2247 manifeste
860 2160 1118 2273 colligitur,
1151 2163 1286 2249 ditio·

262 2311 358 2368 nem
391 2280 719 2368 Ecclefiasticam
753 2279 892 2400 prima
921 2277 1032 2366 fuiiie
1059 2280 1169 2392 apud
1195 2286 1286 2366 Ita·

261 2400 324 2483 los
341 2400 665 2512 Typographiae
680 2397 954 2483 incunabula·
986 2394 1193 2485 Germani
1222 2427 1287 2485 ar·

260 2516 396 2605 tifices
428 2517 544 2606 ‚haud
578 2516 691 2624 prius
710 2543 819 2601 anno
840 2515 964 2628 1464.
983 2571 998 2618 ‚
1027 2545 1101 2603 nec
1120 2518 1285 2605 tardius

261 2635 470 2749 principio
507 2636 605 2717 anni
635 2639 711 2737 146
717 2665 756 2739 5.
785 2633 1035 2721 Sublacense
1072 2638 1286 2724 Monaste·

262 2757 371 2841 rium
394 2748 616 2860 appulere.
638 2756 798 2837 Decem
815 2753 926 2836 enim
950 2752 1147 2838 menium
1175 2777 1284 2841 tem-

261 2898 336 2985 pus
363 2867 556 2981 parandis
584 2868 735 2978 praelis
767 2866 864 2955 satis
894 2861 1001 2971 fuit,
1034 2871 1188 2981 absque
1211 2900 1282 2975 eo,

262 2988 377 3103 quod
407 3014 503 3070 cum
531 2989 814 3097 pinnigero,
849 2991 889 3072 &
919 2988 1111 3097 Polydoro
1138 2994 1286 3102 Vergi-

259 3107 317 3190 lio
344 3106 512 3190 dicatur
542 3105 678 3219 (90),
708 3108 1012 3215 Typographos
1052 3112 1284 3195 Germanos

260 3224 401 3310 secum
429 3226 613 3309 Romam
636 3222 814 3309 attuliiie
841 3221 969 3307 libros
999 3224 1083 3335 jam
1112 3230 1153 3310 in
1176 3234 1285 3315 Ger·

207 3439 210 3448 ,
259 3344 399 3464 mania
430 3340 571 3425 cusos.
603 3339 714 3460 Qia
742 3368 845 3427 vero
876 3368 925 3426 ex
955 3344 1170 3430 annalibus
1200 3350 1290 3456 Ty-

75 3981 211 4231 *a

1211 3492 1298 3598 P0·¹

284 3749 387 3864 ·(90)
411 3750 504 3834 Apud
524 3741 681 3815 WOLFH
704 3765 879 3819 meminent.
905 3750 1032 3844 Typogr.
1055 3753 1150 3821 Tom.
1173 3751 1201 3821 1.
1225 3774 1282 3841 pa·

260 3868 332 3939 guaz
360 3867 440 3930 345.
1189 3903 1215 3919 ,Ι
1245 3906 1247 3910 v
