3117 4709
287 382 338 455 σι
444 381 510 455 ua
533 377 899 459 manutentum
932 384 1189 462 nonunt*

283 495 1310 588 ὼ

284 648 395 763 gusti
423 646 520 733 anni
553 642 680 752 1464.
717 647 832 730 Cum
866 670 967 729 vero
993 642 1204 731 neminem
1236 648 1311 733 ha-

283 773 437 856 berent
453 768 647 859 Romae,
681 787 809 871 quent
826 760 982 849 nossent
1000 814 1018 865 ,
1033 765 1073 844 &
1091 789 1116 846 a
1140 791 1226 876 quo
1243 767 1313 853 be·

287 886 417 996 nigne
445 883 753 980 traderentur,
782 884 822 964 δι
854 876 1020 966 liberali
1048 880 1311 972 donarentut

280 998 495 1111 hospitio,
524 996 885 1084 vetiffimillimum
908 998 995 1100 est,
1017 1001 1094 1085 hac
1115 1002 1171 1085 de
1191 1001 1310 1088 caus·

281 1119 426 1208 saeos
468 1116 578 1231 apud
607 1116 876 1203 Sublacenles
910 1117 1172 1220 Monachus,
1206 1117 1314 1234 quoa

280 1245 439 1352 magna
457 1265 506 1321 ex
528 1253 648 1346 parte
666 1236 821 1322 scirent
841 1234 922 1323 elle
937 1240 1171 1323 Germanos
1186 1236 1313 1355 (94),

285 1355 572 1474 patrocinium
614 1351 875 1468 quaesiville.
922 1358 1015 1439 Nec
1052 1351 1124 1440 luo
1165 1360 1314 1446 officio

281 1472 460 1561 defuere
484 1466 782 1573 ‚Sublacensem
814 1472 962 1585 quibus
987 1473 1119 1582 probe
1142 1475 1313 1586 perspe-

283 1597 350 1679 ela
377 1611 468 1676 etat
493 1593 594 1675 artis
622 1591 742 1703 hujus
780 1591 970 1674 utilitas.
1004 1592 1113 1676 Hinc
1146 1596 1313 1701 patriae

284 1709 475 1826 gloriae,
508 1709 548 1789 8(
578 1710 639 1791 rei
671 1707 848 1795 utilitati
876 1705 1142 1795 consulentes
1177 1711 1312 1798 adve'·

283 1855 356 1914 nas
399 1826 580 1939 benigne
618 1847 915 1935 acceperunt,
953 1829 1090 1914 donec
1131 1827 1311 1915 tandem

284 1945 467 2054 contigit
501 1948 666 2028 Romae
682 1948 968 2029 Maecenatem
993 1941 1206 2046 nancisci,
1238 1948 1313 2060 qui

283 2065 386 2148 attis
404 2060 753 2172 Typogtaphicae
779 2057 996 2171 pretium,
1024 2065 1063 2145 δι
1090 2065 1311 2178 Typogta·

280 2184 467 2291 phorum
510 2180 701 2291 peritiam
734 2180 909 2264 Summo
947 2179 1144 2266 Pontifici
1174 2184 1310 2266 mani-

175 2398 179 2403 „
283 2298 478 2383 sellaret.

283 2449 287 2456 ·
340 2418 437 2531 Qua
468 2433 610 2498 autem
641 2412 708 2497 via
749 2414 967 2525 Rumam,
1009 2415 1198 2529 adeoque
1229 2424 1310 2505 Su-

286 2530 456 2617 blacum
487 2531 778 2642 perrexerint,
814 2559 863 2616 an
896 2560 1045 2618 omnes
1077 2533 1224 2634 simul,
1254 2565 1306 2621 an

278 2648 445 2734 seorfim
481 2651 583 2759 ¹iter
628 2645 844 2742 fecerint,
877 2651 1088 2735 incertum
1130 2655 1308 2739 ontnino

279 2768 364 2850 est.
398 2769 581 2879 Quinam
600 2794 649 2850 ex
678 2768 738 2849 his
765 2766 898 2851 tribus
920 2766 1088 2854 Sublaci
1109 2767 1307 2880 praelum

267 2885 599 2994 instauraverit,
645 2885 758 2966 dic'tu
802 2884 976 2969 difficile
1003 2886 1060 2970 ell
1087 2943 1102 2987 ,
1131 2914 1229 2973 cunt
1261 2892 1304 2974 in

201 3026 207 3042 ¹
280 3002 396 3086 libris
424 2999 533 3115 apud
567 2993 833 3109 Sublacenles
875 3002 1000 3087 editis
1034 3008 1306 3115 praetermis-

277 3120 362 3204 sum
392 3120 440 3205 stt
471 3121 743 3231 Typngtaphi
769 3147 948 3209 nomeu.
979 3124 1122 3241 Qate
1148 3124 1190 3205 in
1223 3128 1304 3210 hac

790 3312 792 3316 ,
841 3260 845 3310 ῑ
1237 3268 1305 3327 te·

186 3591 190 3604 '
322 3584 400 3671 (94)
425 3585 602 3675 Religiosos
629 3589 717 3654 illius
758 3587 940 3657 Monalletii
971 3589 1108 3656 maxima
1147 3605 1305 3676 exparte

75 4087 219 4263 ἢ

269 3699 313 3746 eo
340 3700 482 3769 tempure
507 3680 594 3747 tuille
617 3688 797 3750 Germanos
824 3683 956 3753 testatur
984 3689 1112 3753 Cardin.
1134 3686 1305 3781 QJIRINI

270 3775 305 3838 in
338 3780 578 3872 appendicead
607 3783 707 3849 vitam
740 3783 890 3851 PAULLI
906 3784 958 3852 ll.
992 3781 1150 3853 editionis
1178 3783 1303 3850 SCHE·

263 3870 452 3965 lHORNII
477 3899 547 3969 pag.
581 3900 636 3961 75.
773 3877 776 3884 ’
831 3885 833 3892 ’
1050 3875 1052 3886 '
