3117 4709
298 367 301 371 ²
411 376 911 500 rennuenti
1097 407 1226 520 ψ’

145 549 1174 608 ω

201 688 419 776 Chronica
435 691 702 771 Summarum
721 687 1005 787 Pontificum,
1028 693 1067 773 &
1089 692 1177 772 lm·
1212 743 1215 748 ·

141 830 387 922 pecatorum
423 806 476 889 de
503 806 666 911 septem
696 807 903 893 aetatibus
940 808 1088 894 mundi
1122 829 1179 899 ex·

138 930 411 1036 Hieronymo
442 928 521 1008 &c
636 923 715 1005 Hic
739 924 909 1011 libellus
938 953 1006 1009 an.
1037 953 1063 1007 a
1094 954 1176 1011 na-

137 1050 259 1139 tiuit.
289 1052 435 1138 Dum„
452 1094 488 1122 ..
507 1038 718 1150 millesimo
732 1042 1174 1155 quadring.stptuag·
1312 1067 1315 1074 ’

124 1163 253 1282 scotto
279 1162 348 1245 die
386 1162 536 1246 Subari
559 1160 722 1244 decima
766 1162 904 1267 mensis
938 1162 1170 1271 februarii

137 1276 427 1404 impreffusest
455 1288 607 1365 Romae
624 1300 706 1393 per
735 1274 1010 1399 maginjoh.
1039 1283 1172 1367 Schu-

138 1430 266 1490 rrner
292 1397 343 1483 de
378 1395 613 1512 Bopurdia.
645 1400 686 1480 in
715 1425 756 1506 4·
784 1400 882 1512 (g).
1173 1451 1181 1472 .

608 1518 640 1599 Ρ
671 1544 701 1624 4
1078 1526 1174 1607 Nr·

140 1762 297 1832 netaanni
313 1769 417 1839 1478.
427 1760 585 1827 editione.
596 1761 690 1826 Dicit
701 1775 808 1834 antem
820 1760 899 1823 MAI
907 1760 1061 1825 I'TAIRE
1069 1769 1102 1829 sn
1107 1769 1170 1852 fine

144 1866 231 1935 Toms
245 1864 286 1927 ΙΙ.
298 1859 360 1947 legi
376 1862 462 1944 qnod
483 1856 649 1944 sequitur:
671 1859 800 1949 Impreffe
817 1856 946 1942 ficerunt
964 1863 998 1925 r‘n
1019 1866 1094 1928 urbe
1107 1868 1171 1931 Ru·

139 1985 227 2030 rauna
248 1981 323 2026 anno
349 1961 466 2026 curret
498 1958 646 2045 mislefimo
670 1973 800 2045 quotuor
825 1960 968 2045 rentefimo
1002 1957 1174 2049 st’xogefimo

117 2068 223 2152 sextu
235 2101 247 2132 ,
265 2059 380 2144 sedente
409 2053 538 2118 SIXTO
561 2054 742 2145 QJARTO
770 2056 861 2123 Pom.
887 2058 1008 2128 Mem,
1036 2057 1090 2121 ubi
1124 2072 1174 2123 eta

139 2179 238 2223 ronee
260 2152 377 2242 legitur
397 2155 565 2241 fixogefimu
591 2174 651 2239 pro
669 2156 900 2241 septuagefimu.
928 2152 964 2214 ln
991 2152 1171 2221 Bibliothe-

140 2279 177 2326 ca
203 2251 383 2320 Corfiniana
413 2249 490 2315 mihi
517 2250 658 2315 occurrit
681 2255 775 2316 decas
803 2248 906 2337 prima
927 2248 1009 2314 Livii
1035 2251 1169 2333 Italici,

138 2355 285 2441 adeoque
303 2348 390 2415 illius
409 2349 529 2414 Tomos
548 2349 666 2433 primus
684 2349 799 2437 absque
816 2349 889 2414 anni
899 2392 911 2424 ‚
936 2348 1028 2424 loci,
1051 2350 1085 2415 &
1100 2352 1169 2436 Ty-

139 2447 291 2544 pographi
309 2462 412 2527 nota;
439 2447 492 2513 sed
514 2465 596 2511 anno
624 2456 727 2527 1476.
748 2445 870 2512 tardius
894 2442 1037 2534 impressa
1063 2449 1095 2512 in
1110 2451 1170 2519 sus.

139 2573 180 2619 ex
209 2547 383 2615 charactere
406 2547 582 2633 quadrato,
610 2545 643 2609 δι
672 2548 819 2615 Romano
857 2548 1026 2635 elegante.
1052 2548 1167 2614 Forsan

141 2652 264 2717 Tomos
292 2644 355 2709 erit
377 2646 496 2729 primus
524 2644 678 2708 editionis
703 2668 720 2707 a
747 2642 1010 2707 MAITTAIRIO
1039 2646 1171 2723 relatae,

140 2753 281 2834 ideoque
303 2745 337 2807 in
355 2742 588 2807 Litteratorum
612 2744 818 2805 commodum
834 2748 900 2821 ejus
919 2740 1171 2828 descriptionem

140 2846 331 2927 subjiciam.
364 2840 521 2905 Praeeunt
543 2840 615 2903 VII.
646 2840 722 2903 folia
747 2838 890 2911 indicis,
917 2860 999 2925 quae
1028 2838 1176 2926 sequitur

141 2941 273 3031 epistola
299 2938 496 3006 dedicatoria
522 2937 658 3003 LUCAE
689 2935 894 3007 JOHANNIS
927 2935 1171 3004 BONACORSI

143 3041 298 3114 Gurtolois
315 3035 492 3103 Florentini
519 3039 559 3100 ad
587 3033 726 3102 nobilem
748 3033 1024 3099 BERNARDUM
1046 3038 1086 3103 de
1111 3027 1173 3101 Ni-

143 3135 264 3207 COLO
281 3133 488 3209 CAMBINI,
512 3134 546 3197 in
569 3158 632 3223 qua
654 3134 735 3197 dicit
753 3128 872 3199 curaffe
894 3132 923 3196 se
945 3134 986 3195 ad
1003 3134 1038 3197 id
1063 3158 1173 3200 emen·

144 3238 214 3304 duri
226 3279 238 3311 ,
267 3233 299 3298 δι
324 3232 463 3320 imprimi
488 3231 566 3297 hanc
583 3233 756 3298 versionem
774 3275 786 3307 ‚
810 3247 847 3295 ut
865 3232 922 3319 ipst
939 3251 1007 3296 enm
1027 3232 1175 3300 dita-tet.
1196 3273 1198 3278 ·

142 3335 305 3401 Vostrmen
318 3350 427 3395 autem
440 3374 451 3406 ,
464 3332 641 3397 numeratis
662 3331 835 3406 omnibus,
862 3332 906 3397 est
923 3337 1002 3394 166.
1019 3329 1180 3397 foliorum·
1200 3326 1202 3329 ¹
1331 3371 1335 3378 ·

143 3437 213 3509 Jnm
232 3443 415 3496 occurrerat
432 3428 706 3495 ALEXANDRO
725 3427 942 3494 CAPPONIO
961 3429 1097 3515 primurn
1119 3455 1177 3496 vo-

144 3534 254 3598 lumen
280 3530 320 3593 ab
345 3526 406 3591 hoc
429 3549 493 3592 non
514 3528 681 3603 absrmile,
711 3532 799 3607 cujus
825 3524 972 3593 meminit
1005 3532 1094 3597 Index
1119 3536 1177 3599 Bi*

144 3633 306 3699 bssutbrcue
329 3627 423 3712 ipnus
437 3628 530 3715 impr.
544 3632 654 3695 Romae
676 3645 778 3703 ¹747·
803 3631 837 3690 in
853 3651 884 3699 4·
897 3643 969 3713 pag.
989 3648 1068 3711 ³3¹·
1085 3632 1181 3695 Nune

143 3727 280 3797 veroin
309 3723 541 3791 Bibliothecam
566 3725 752 3789 Vaticanum
786 3724 957 3814 migravit.

189 3822 247 3914 (g)
271 3821 327 3891 Est
352 3825 544 3911 reimpteffio
565 3823 818 3888 continuationis
839 3828 1053 3895 Rscobasdsnae
1080 3828 1181 3900 JOH..

138 3923 317 3990 Pnnleel
332 3925 372 3989 de
391 3921 661 4000 LlGNAMINE,
682 3925 727 4018 de,¹
750 3945 813 4011 qua
834 3929 871 3991 od
892 3947 1001 3997 uanum
1023 3947 1129 4005 ¹474·
1232 3948 1234 3951 ’
1282 3917 1404 4277 J
