3117 4709
158 684 212 771 de
241 686 427 769 Wienna
471 703 578 760 anno
613 676 792 759 Domini
836 675 1048 785 millestmo
1089 709 1196 795 qua-

156 789 754 909 dringentestmoſs’xagestmo
790 793 934 879 oblano
961 798 1032 880 die
1070 803 1197 913 quin·

155 943 206 1007 to
238 946 378 1028 menn
415 913 691 997 Decembris.
718 914 759 994 in
794 912 871 995 sol.
897 913 1017 1028 (f).

220 1042 502 1128 Prrnnnruors
528 1032 717 1143 Tyranni
739 1031 1009 1143 Agrigentini
1044 1031 1200 1144 episto·

159 1158 227 1243 lae
250 1186 298 1245 ex
331 1151 716 1265 interpraetatione
746 1146 959 1235 Francisci
984 1152 1152 1238 Aretini
1183 1205 1195 1232 .

156 1276 201 1359 in
221 1305 265 1385 4.
282 1275 381 1392 (g)
694 1370 702 1386 ,
805 1271 825 1351 1
858 1291 882 1353 2
1136 1271 1196 1353 Μ.

158 1552 361 1620 eharaoere:
398 1529 487 1621 Finit
505 1559 625 1643 secundi
646 1556 805 1622 voluminis
830 1552 1018 1640 epifiolnrum
1037 1550 1194 1638 Beotifflni

158 1656 361 1736 Hieronymi.
385 1651 502 1724 Veritus
528 1658 647 1720 vincit.
667 1652 717 1717 Ita
733 1654 889 1740 Cotologus
902 1652 1090 1718 Sinithinnur
1100 1646 1194 1733 impr·

159 1846 307 1912 Venetiis
327 1869 401 1917 anno
423 1753 483 1929 si:
496 1869 526 1927 ς.
541 1751 645 1921 Ibisn-
662 1864 734 1937 pag.
757 1849 910 1916 CCXXII·
927 1847 1046 1931 primae
1065 1845 1194 1928 portis,

158 1944 340 2010 editionem
370 1944 445 2011 banc
470 1948 644 2033 principem
669 1946 841 2031 appellat,
867 1944 944 2006 sicut
970 1939 1199 2026 &catalogus

158 2040 274 2106 DOM.
300 2043 503 2109 GHENSON
529 2045 622 2132 impr.
644 2043 775 2107 Liburni
792 2063 851 2120 175
865 2062 893 2117 7·
922 2045 955 2106 in
978 2047 1011 2103 8.
1027 2053 1100 2124 pag.
1120 2044 1199 2115 583·
1311 2121 1316 2132 1

159 2138 322 2224 Epistulae
346 2157 453 2207 autem
482 2164 592 2207 omnes
604 2184 617 2214 ‚
641 2162 676 2204 ac
699 2139 913 2205 PraefatIones
936 2137 1029 2224 supra
1049 2129 1221 2197 laudatae'

100 2311 103 2315 ,
160 2237 255 2317 hojns
277 2240 433 2305 editionis
458 2242 636 2306 referuntur
650 2238 683 2301 in
700 2239 795 2325 primi
809 2236 920 2302 borum
944 2231 1201 2321 catalogorum:

161 2352 253 2423 parte
278 2336 412 2403 secunda
437 2361 508 2427 pag.
534 2337 715 2412 CCCXV.‚
749 2336 784 2401 δε
820 2335 1056 2424 sequentibus.
1096 2330 1201 2409 Hujus

160 2453 271 2498 autem
299 2435 545 2520 descriptionem
571 2437 747 2521 deprompsi
781 2457 822 2499 ex
858 2430 1033 2517 exemplari
1065 2425 1203 2495 eximiae

161 2529 411 2598 conservationis
424 2579 436 2609 ,
464 2536 549 2619 qnod
572 2530 673 2597 exstat
688 2533 721 2596 in
736 2532 930 2598 seteuinmo
950 2526 1062 2594 Museo
1078 2524 1204 2589 ABBA-

161 2629 227 2692 Tls
263 2631 325 2694 DE
367 2628 487 2695 ROSSI
511 2655 529 2695 a
554 2631 691 2698 secretis
713 2632 798 2719 apud
819 2629 996 2716 Principem
1023 2623 1202 2690 Corfinium

161 2728 307 2793 Romae.
999 2738 1003 2746 ·

226 2825 291 2914 (f)
329 2824 525 2913 Subscriptio
549 2824 624 2891 haec
637 2825 829 2914 exprimitur
840 2821 1013 2889 charailere
1039 2814 1201 2912 grandiori

164 2924 337 3000 Gothico,
363 2927 510 3000 eodem,
545 2944 612 3011 qno
637 2924 710 2989 usus
737 2921 782 2988 est
802 2942 860 3010 pro
887 2919 1105 3007 imprimendis
1128 2920 1204 2984 Con·

166 3024 410 3111 templationibns
431 3025 525 3111 snper
542 3026 656 3110 figuras
682 3025 803 3091 Suntne
828 3023 952 3088 Mariae
975 3025 1008 3087 dt
1033 3019 1202 3086 Minerva,

162 3120 199 3186 &
222 3126 310 3199 errius
337 3139 452 3205 typum
487 3118 639 3185 exhibent
666 3121 728 3183 tria
752 3121 859 3206 priora
885 3119 979 3183 verba
1011 3119 1127 3203 figurat
1156 3109 1206 3195 st·

161 3223 291 3285 cundoe-
316 3217 408 3302 Opus
436 3237 512 3283 vcro
536 3236 701 3282 exaratum
724 3217 770 3283 est
798 3215 974 3281 charadiete
1000 3208 1205 3276 minutissimo

163 3319 206 3380 ad
226 3313 403 3379 Gothicum
427 3319 605 3381 accedente
629 3360 641 3390 ‚
677 3315 711 3379 δι
747 3319 815 3395 ejus
850 3316 981 3378 formam
1012 3310 1063 3375 bic
1088 3299 1207 3393 apponi

163 3413 396 3502 curavifignra
415 3417 542 3503 secunda
566 3432 698 3501 propter
717 3419 785 3493 ejus
806 3412 1077 3501 singularitatem.
1100 3405 1206 3491 Que-

166 3512 250 3596 libet
274 3512 387 3600 pagina
412 3509 456 3577 est
476 3521 532 3594 3⁶·
556 3513 735 3575 linearum.
768 3510 870 3588 Hujus
887 3507 1134 3593 descriptionem
1154 3500 1209 3564 dc·

165 3609 304 3695 prompsi
320 3631 358 3677 ex
377 3610 552 3696 exemplari
578 3607 689 3672 DOM.
717 3609 779 3672 DE
794 3606 910 3671 ROSSI
920 3652 932 3683 ‚
954 3608 1076 3692 dequo
1093 3599 1205 3686 supra.

219 3710 269 3794 (gr
296 3706 387 3771 Licet
413 3708 495 3770 desrt
521 3708 617 3781 anni,
641 3706 730 3783 ioci,
757 3727 795 3769 ac
823 3702 1027 3794 Typogtaphi
1053 3717 1152 3771 nota,
1170 3714 1211 3760 ex

175 3801 508 3870 charanerumtamen
520 3805 725 3872 similitudine
746 3802 894 3870 cumillis
914 3846 928 3879 ‚
959 3802 1076 3891 quibus
1086 3796 1213 3961 &sis
