3117 4709
322 410 576 491 r-cAPUT
614 402 975 484 SECUNDUM
1136 430 1184 503 39

1055 601 1154 624 ,-

151 676 270 773 ἀετ,
297 678 336 757 bc
366 675 464 759 libri
491 674 555 757 illi
592 677 680 761 duo
721 679 763 760 in
807 680 1002 763 omnibus
1044 671 1183 790 perfe-

153 796 220 876 έὶε
252 793 512 878 conveniunt
542 821 639 878 cum
671 822 755 894 eo,
795 797 861 883 cui
891 796 1068 881 titulus:
1097 801 1183 876 Da·

153 937 227 995 aar
245 911 521 1022 puellarum,
553 912 673 1022 cujus
703 912 770 999 bic
807 912 1086 1027 subjiciuntur
1125 910 1183 996 ti·

153 1025 302 1128 tulus,
333 1032 372 1111 ὃ(
408 1024 655 1137 subscriptio
697 1028 839 1143 (64),
890 1032 1004 1145 quod
1048 1031 1182 1116 etiam

159 1144 319 1229 fatetur
345 1146 457 1257 idem
492 1149 693 1229 Paitauus
735 1150 789 1232 de
819 1145 959 1234 ‘altero
987 1146 1182 1259 ejusdem

159 1257 319 1346 farinae
344 1262 488 1347 libro:
528 1262 680 1347 lullus
723 1265 1062 1367 Christianarum
1103 1266 1184 1352 im·

159 1379 277 1489 preli.
327 1378 437 1493 apud
478 1377 707 1468 Nicolaum
754 1380 903 1496 Jenson
943 1409 1013 1467 au.
1054 1411 1181 1489 147¹·
1230 1384 1233 1392 ’

154 1496 304 1609 pridie
343 1523 469 1582 nanas
512 1499 705 1610 Aprilis.
746 1506 807 1586 Ex
839 1499 994 1587 eodem
1037 1504 1184 1587 chara·

88 1640 92 1646 ·
157 1620 315 1714 ltere,
353 1619 392 1699 δι
428 1611 608 1716 forma,
643 1646 692 1702 ac
731 1624 882 1702 Decor.
903 1618 1184 1731 puellarum.

157 1737 268 1819 Item
307 1736 418 1819 libro
445 1735 544 1817 Vll.
573 1738 706 1845 operis
749 1742 884 1820 Decor
908 1736 1179 1847 puellarum,

155 1852 322 1939 mentio
351 1850 399 1936 lit
429 1849 572 1937 ultimi
598 1854 718 1961 hujus
744 1849 842 1937 libri
869 1880 961 1964 cap.
982 1857 1090 1951 11¹„
1119 1875 1186 1938 at·

161 1999 245 2085 que
270 1972 359 2054 aliis
389 1971 428 2052 in
461 1965 567 2057 locis
597 1991 884 2054 memorantur
924 1997 1091 2084 quoque
1126 1971 1184 2055 se·

157 2110 338 2202 quentes
372 2087 509 2175 libri:
558 2088 703 2170 Palma
740 2088 997 2197 uirtutum3
1036 2086 1184 2171 Gloria

163 2206 425 2318 mulierum3
466 2207 561 2291 Piar
586 2204 634 2288 di
666 2207 818 2291 virtu:
853 2203 1007 2287 Bibbia
1039 2204 1186 2316 uulga-

161 2326 369 2424 rimata,
401 2320 489 2437 ipso
513 2350 596 2408 non
621 2324 833 2411 diffitente
852 2325 1051 2408 Paitaua.
1075 2327 1185 2410 Hinc

163 2438 290 2528 facile
319 2462 468 2554 patet,
511 2471 595 2526 uno
627 2445 1008 2553 eodemqueanno
1046 2444 1185 2529 editos

160 2552 304 2659 stille,
337 2588 518 2674 quorum
537 2563 768 2671 postremus
789 2557 899 2644 fuit:
918 2566 1052 2645 Decar
1063 2562 1187 2672 puel·

156 2676 338 2777 larum,
380 2703 475 2764 cunr
508 2680 550 2761 in
576 2707 629 2767 eo
671 2682 724 2764 de
752 2677 843 2764 aliis
874 2676 987 2761 libris
1023 2680 1186 2766 mentio

159 2794 359 2907 legatur.
390 2802 551 2886 Harum
584 2799 796 2883 rationum
823 2794 987 2906 pondus
1013 2825 1187 2884 enerva-

525 2937 531 2950 ·
628 2918 727 3025 C4
1139 2944 1186 3003 re

215 3204 293 3291 (64)
317 3204 367 3268 En
397 3201 513 3267 titulus
541 3202 687 3287 :Quella
713 3207 754 3293 fir
779 3226 837 3271 arra
861 3224 947 3294 opera
969 3209 1000 3271 la
1019 3240 1034 3256 ·
1056 3208 1142 3296 quale
1161 3212 1187 3299 fi

169 3307 288 3369 chiama
306 3309 389 3371 elmar
407 3303 606 3390 puellarum:
629 3319 680 3364 zar
709 3309 814 3371 haume
830 3338 845 3355 ·
872 3310 905 3372 dr
923 3308 950 3371 lr
974 3307 1135 3371 Danurllr:
1156 3310 1188 3373 la

163 3404 249 3491 quale
270 3436 287 3452 ·
305 3407 343 3468 da
366 3402 462 3487 regala
483 3398 580 3484 farma
603 3420 617 3464 t
638 3406 715 3467 moda
736 3436 751 3451 -
779 3402 813 3464 al
835 3404 909 3469 liuta
930 3407 963 3470 de
986 3404 1013 3467 le
1032 3406 1143 3473 homile
1166 3439 1186 3457 ·

161 3500 332 3566 Dantulla.
355 3501 404 3563 Sic
420 3516 497 3562 vero
518 3494 661 3580 sequitur
684 3497 896 3581 subscriptio:
916 3505 1005 3572 Anna
1025 3521 1045 3563 a
1070 3503 1186 3572 Chrifll
1323 3574 1329 3582 ,

162 3601 286 3662 lucarua
298 3634 313 3648 -
324 3600 405 3663 tiam
417 3598 640 3663 MCCCCLXI·
652 3615 709 3684 prr
727 3599 818 3682 Magi
827 3630 845 3645 -
856 3600 949 3663 lirum
962 3596 1184 3665 NICOLAUM

163 3693 322 3764 JENSON
348 3733 363 3747 -
385 3698 435 3760 hac
457 3708 525 3779 aput
551 3698 625 3781 quad
638 3697 744 3783 pmlla
757 3732 772 3746 ·
787 3714 853 3758 rum
874 3699 955 3763 decor
979 3699 1095 3763 dicitur
1109 3698 1183 3785 fali-

160 3796 215 3857 cl·
230 3807 279 3860 ter
296 3790 458 3880 impressum
477 3791 515 3856 eft
531 3832 539 3851 ·
557 3825 572 3841 ·
594 3794 673 3860 Lam
699 3796 780 3860 Dra.
804 3792 914 3856 Forma
939 3813 1015 3858 vero
1042 3795 1116 3863 libri
1140 3792 1185 3875 cll

162 3889 195 3955 in
219 3896 276 3964 8.,
309 3888 438 3954 &libri
465 3880 618 3957 charatter
642 3888 687 3957 est
710 3890 872 3962 Romanus
897 3890 1060 3959 eximius·
1270 3839 1401 4275 Α
