3117 4709
434 390 937 473 xusnucUt1
1128 413 1197 492 135

221 666 476 775 Juvuunus
505 654 718 738 &Petraei
744 659 964 764 Saturae..
1049 727 1052 732 .
1086 734 1089 742 .

280 777 419 883 Anser
445 773 621 881 Tarpeii
636 770 758 886 custos
779 780 871 862 Orc.

278 895 432 976 Omnia
459 888 746 976 eincithomo.
773 892 816 974 in
830 887 905 976 fol.
920 918 1057 1002 parvo
1080 895 1199 1010 (f).

219 1011 419 1099 Vruortrr
449 1037 577 1119 opera
601 1007 745 1092 omnia
774 1037 873 1096 curn
901 1016 1197 1102 Continentur.

157 1132 298 1217 Mauri
330 1128 466 1216 Servii
497 1154 547 1212 ex
577 1127 682 1212 edit.
714 1129 953 1238 Campani.

277 1247 416 1361 Anser
446 1244 621 1357 Tarpeii
645 1242 767 1354 custos
791 1256 884 1338 syc.
1198 1345 1201 1352 ι

278 1367 432 1450 Omnia
446 1365 582 1449 vineit
603 1359 749 1447 homo·
775 1365 819 1448 in
846 1362 923 1449 fol.
959 1364 1061 1481 (g).

669 1488 690 1567 1
721 1510 751 1595 4
1097 1487 1202 1571 ¹Ro·

158 1738 220 1804 pro
235 1711 409 1804 originali,
434 1711 491 1779 sed
511 1731 661 1789 temere,
684 1716 759 1803 quia
778 1718 912 1803 probare
935 1729 1100 1802 nequeunt
1117 1712 1197 1780 hanc

158 1811 367 1899 posteriorem
392 1807 451 1876 esse
472 1833 553 1878 anno
581 1835 705 1890 ι47ο.,
728 1814 877 1900 quinimo
899 1811 1095 1879 contrarium
1118 1834 1196 1878 con-

159 1910 246 1977 siat.
272 1911 309 1973 In
329 1912 390 1974 fine
418 1909 505 1975 iliius
516 1908 615 1976 exstat
641 1910 857 1996 subscriptio:
885 1915 987 2000 Anser
1006 1910 1132 1995 Tarpeii
1142 1935 1196 1977 crr-

156 2009 286 2079 fierda.
308 2010 395 2072 Hanc
415 2010 499 2093 apud
521 2011 680 2075 Abbateut
715 2010 779 2073 DE
801 2007 920 2073 ROSSI
956 2003 1035 2070 mihi
1058 2012 1194 2076 tresiare

158 2108 299 2196 contigit
331 2106 506 2170 rarissimam
528 2109 726 2173 editionem.

209 2204 272 2293 (f)
294 2203 496 2271 Terminatur
517 2205 746 2293 subscriptione
767 2204 885 2280 solita,
912 2202 946 2269 &
970 2201 1088 2292 absque
1114 2224 1193 2270 ann-

158 2322 257 2371 nota.
282 2304 394 2393 Pagina
417 2301 462 2368 est
487 2325 543 2386 25.
563 2304 729 2369 Linearum
741 2345 754 2377 ,
781 2302 816 2369 &
837 2323 897 2390 pro
922 2302 1023 2388 prima
1059 2301 1195 2372 habetur

157 2401 236 2468 haec
262 2403 393 2475 editio,
423 2403 457 2464 in
477 2425 541 2490 que
567 2406 771 2488 adordiantur
797 2403 864 2465 duo
890 2400 1009 2466 Poetae
1034 2402 1195 2488 satyrici.

158 2502 243 2567 Hinc
276 2499 381 2564 minue
413 2500 494 2566 bene
516 2502 615 2568 sentit
643 2499 926 2565 HIERONYMUS
962 2498 1193 2565 BARUFFAL·

158 2597 258 2665 DIUS
292 2597 401 2670 Junior
423 2621 493 2689 pag.
511 2622 569 2682 43.
593 2597 749 2685 opusculi,
772 2598 825 2662 cui
844 2597 983 2662 titulus:
1006 2599 1085 2666 delle
1115 2599 1194 2685 Tipo

150 2699 253 2788 grafia
274 2699 428 2784 streanese
465 2702 571 2785 Suggio
591 2697 801 2783 Bibilogrefiro
813 2739 826 2770 ,
870 2694 1087 2784 antiquiorem
1112 2696 1195 2762 affir.

156 2815 246 2862 mans
272 2815 365 2870 eam,
389 2816 471 2881 quae
500 2817 582 2859 anuo
610 2816 711 2877 1473.
738 2795 865 2859 Brixiae
897 2797 1020 2880 peraeta
1048 2791 1119 2868 est,
1143 2800 1194 2876 ju.

156 2897 257 2961 bente
280 2892 473 2977 Presbytero
491 2892 663 2962 Petravilla
704 2893 743 2956 ad
771 2891 861 2956 XIII.
886 2890 960 2955 Kal.
980 2892 1062 2980 Aug.
1076 2893 1109 2953 in
1129 2893 1192 2959 sol·

158 2992 340 3056 DEBURE
365 2993 614 3080 Bibliogrdrsir.
639 2991 720 3058 Tou.
737 2992 794 3058 Ili·
812 3007 884 3078 pag.
912 2998 1018 3064 2827·
1039 2987 1118 3054 hane
1134 3013 1193 3056 no·

158 3088 252 3155 sitam
274 3088 457 3174 descripsit.
489 3089 599 3154 Exstat
622 3092 705 3176 apud
732 3093 872 3154 Sansiant
895 3087 1031 3151 Mariam
1055 3090 1098 3152 de
1126 3092 1188 3165 Po·

162 3191 244 3275 pulo
267 3189 396 3253 Petrum
419 3185 689 3278 Augustineusrum
710 3186 855 3251 Romae.

207 3289 258 3377 (g)
285 3286 370 3351 Haec
393 3284 437 3350 est
474 3288 578 3352 editio
606 3286 707 3373 prima
729 3278 911 3349 VIRGILII
936 3305 1011 3349 cum
1030 3304 1192 3351 commen·

160 3387 278 3450 tariis.
299 3386 400 3449 Solita
421 3386 612 3450 terminatur
641 3381 870 3470 subscriptione
897 3423 907 3443 .
934 3382 1097 3449 Laudatus
1122 3386 1191 3450 ΒΑ·

157 3480 443 3559 RUFFALDqu,
470 3484 526 3571 qui
549 3482 607 3547 hoc
635 3502 717 3545 anno
745 3502 848 3559 1777·
875 3477 981 3543 edidit
1006 3480 1098 3567 supra
1123 3485 1190 3548 lau·

157 3584 272 3647 datum
293 3580 433 3657 librum,
464 3584 624 3648 editiones
649 3578 832 3644 VIRGILII
860 3596 933 3640 cum
950 3582 1033 3647 diuis
1056 3603 1196 3652 cominen-

159 3683 251 3747 tarr‘ls
274 3703 291 3743 a
316 3680 579 3746 VALDARFER
593 3679 741 3745 Veneriis
760 3697 841 3741 anno
860 3696 984 3753 1471..
1006 3677 1041 3741 δι
1063 3681 1103 3744 ab
1121 3679 1193 3743 AN-

158 3776 284 3847 DREA
295 3776 440 3845 GALLO
462 3780 621 3858 ferrariae
636 3797 738 3856 1471.
757 3778 896 3866 peratiae
907 3775 1048 3868 appellat
1073 3779 1198 3867 priores

1009 3901 1012 3908 ¹
1163 3892 1201 3938 ta
