3117 4709
258 410 329 482 141
461 383 1069 464 ΙΝ1)ἘΧ”[’ῙΒΚΟΚΠΜ

246 529 1285 586 ἡ

296 575 1245 610 Μ

252 673 387 754 Domo
431 657 655 775 Magnifici
688 658 780 747 oiri
817 663 940 748 Petri
984 659 1035 744 de
1071 664 1296 750 Maximoa

252 786 297 870 in
327 778 404 865 fol.
426 781 493 890 (l
537 839 549 861 .

316 897 459 1010 Ejusd.
500 785 753 986 bremonis
788 897 885 984 libri
917 897 971 982 de
1003 897 1204 1000 Officiis,
1242 895 1294 980 li·

253 1019 334 1108 ber
367 1019 716 1127 Paradoxorum3
754 1017 950 1117 Laelius,
981 1021 1093 1102 Caro
1123 1019 1294 1132 Major,

251 1133 460 1222 &versus
491 1139 590 1222 Xll.
618 1138 807 1247 Sapient·
843 1139 926 1222 Hac
957 1133 1168 1219 Conradus
1195 1155 1296 1247 opus

252 1257 333 1344 &c
382 1256 502 1338 Anno
527 1253 684 1370 christe·
704 1257 1062 1341 MCCCCLXlX.
1090 1252 1162 1337 die
1193 1281 1296 1340 vcro

258 1371 452 1456 XXllll.
483 1370 623 1478 morfia
657 1375 873 1489 Januarit‘
906 1378 1031 1458 Rome
1063 1377 1110 1455 in
1164 1379 1295 1456 Domo

259 1488 490 1604 Magnifica·
508 1491 598 1575 viri
616 1493 739 1578 Petri
750 1490 801 1576 de
815 1493 1031 1577 Maximo.
1046 1494 1087 1575 in
1107 1486 1297 1604 f01.(m).

1208 1613 1295 1694 Lu·

251 1805 1269 1856 ...----—--—-

252 1929 374 1998 RICUS
399 1926 565 2002 formula,
592 1927 672 1990 ficut
696 1923 840 1991 indicant
871 1926 945 1990 libri
976 1949 1015 1992 ex
1045 1933 1113 2007 ejus
1138 1926 1293 1996 officina,

252 2027 312 2096 hoc
337 2047 418 2090 anno
443 2025 588 2114 vulgati.
609 2022 652 2087 ΙΙ.
668 2026 695 2086 A
707 2024 818 2110 primis
841 2025 913 2088 amri
933 2033 1037 2106 1469.
1056 2026 1212 2091 mensrbus
1228 2031 1291 2092 du·

252 2125 331 2214 plici
360 2121 534 2188 characlere
556 2122 701 2184 Romano
725 2120 795 2184 usus
821 2117 865 2185 est
889 2122 1064 2188 ULRICUS
1097 2124 1207 2199 HAN,
1232 2126 1295 2188 mi·

253 2242 337 2290 nuto
359 2240 447 2292 uno,
474 2219 575 2305 qualis
601 2214 646 2280 est
672 2217 728 2281 ille
757 2217 893 2294 LIVII,
922 2219 956 2283 δε
980 2222 1141 2310 grandiori
1163 2223 1289 2296 altero,

254 2318 360 2408 qualis
374 2315 420 2382 est
443 2315 498 2379 ille
521 2313 812 2406 QnNTILrANl.
838 2317 968 2380 Minuto
984 2335 1092 2384 antem
1113 2319 1201 2405 prius
1220 2319 1295 2384 usus

253 2414 324 2490 est,
347 2434 417 2478 tum
428 2412 506 2498 quia
531 2412 634 2474 minus
658 2411 783 2502 elegans
806 2411 851 2476 est
869 2416 1000 2491 altero,
1030 2419 1198 2504 minorque
1226 2425 1295 2498 ejus

254 2511 439 2584 corrcslio,
468 2524 537 2574 tum
562 2509 637 2596 quia
659 2510 806 2599 grandior
823 2513 884 2576 fuit
909 2511 991 2587 ille,
1016 2537 1135 2602 quem,
1151 2517 1296 2601 profesto

255 2606 464 2677 CAMPANO
476 2652 487 2682 ,
513 2608 546 2671 &
567 2606 647 2670 inita
668 2607 823 2673 societate
847 2631 928 2674 anno
948 2614 1214 2699 1471.,proprie
1236 2613 1295 2676 fibi

256 2706 430 2774 reservavit
455 2750 467 2780 ,
495 2704 686 2790 specialique
714 2706 920 2776 JOHANNIS
947 2709 1124 2773 PHILIPPI
1149 2713 1213 2774 DE
1240 2710 1296 2773 Ll-

255 2803 456 2870 GNAMINE
482 2802 551 2865 usui
578 2801 797 2879 consecravit,
821 2806 854 2868 in
879 2811 968 2885 cujus
994 2810 1127 2872 aedibus
1144 2809 1211 2895 ipse
1226 2807 1296 2870 Ul.-

254 2904 376 2971 ulcus
402 2899 490 2963 HAN
524 2918 626 2965 artem
667 2900 752 2963 suam
788 2923 937 2968 exercere
963 2925 1027 2970 non
1053 2907 1183 2971 erubuit
1208 2951 1218 2971 .
1242 2905 1295 2968 Ex

255 3023 323 3090 quo
345 2997 489 3086 sequitur
513 2997 637 3071 libros,
678 2998 729 3060 cui
755 3003 970 3090 adjunguntur
994 3004 1100 3068 versus
1135 3003 1297 3068 CAMPA-

254 3100 300 3164 Nl
315 3144 327 3175 ‚
354 3095 531 3161 charactere
553 3095 680 3157 minuto
701 3095 836 3182 impresli
863 3099 986 3185 priores
1024 3097 1086 3167 effe
1124 3101 1225 3166 editis
1252 3119 1294 3165 ex

242 3193 432 3263 'characlere
456 3192 598 3274 majori.

310 3297 354 3380 (1)
380 3293 416 3355 ln
437 3292 496 3356 fine
524 3291 677 3355 secundae
706 3292 810 3358 Partis
836 3292 937 3361 exstat
961 3296 1058 3362 allata
1084 3294 1294 3381 subscriptio,

256 3417 292 3460 ac
320 3388 507 3460 immediate
531 3412 549 3452 a
576 3403 671 3451 textu
697 3392 834 3456 austeris
861 3395 1010 3460 volumen
1034 3396 1150 3482 incipit
1175 3392 1295 3481 absque

257 3488 454 3578 praefatione
482 3530 491 3549 .
519 3487 605 3549 Hanc
633 3484 797 3574 descripsit
823 3491 1001 3558 DEBURE
1026 3497 1176 3583 Bibliogr.
1200 3493 1292 3559 infir.

256 3610 338 3654 nura.
369 3606 384 3646 2
415 3609 472 3662 92·

303 3683 363 3770 (m)
391 3606 460 3744 i’ost
487 3681 614 3747 allatam
640 3680 894 3768 subscripsionem
919 3662 1176 3776 sequuntur'duo
1198 3685 1291 3762 solia,

254 3804 339 3874 quae
376 3778 532 3846 exhibent
563 3781 670 3847 versus
694 3786 768 3852 XII·
790 3788 987 3874 sapientum.
1014 3787 1104 3878 Opus
1131 3806 1210 3854 vero
1235 3784 1296 3848 im·

1172 3883 1296 3950 media·
