3117 4709
515 287 731 372 eurur
771 294 1083 400 eruruu
1236 247 1305 392 10'5

276 432 1300 519 *m

271 565 474 654 deficiunt
508 565 607 652 illac
640 563 838 675 epistolae
871 563 1184 675 praefatoriae3
1219 592 1298 650 uu-

271 683 326 771 de
358 683 614 792 exemplaria
644 682 719 766 iiia
754 679 1010 793 quaudoque
1044 706 1094 767 ex
1143 680 1297 770 editio·

273 832 325 888 ue
352 803 514 890 diversa
548 797 660 885 diua
690 797 815 883 sunt.

329 1039 670 1127 ULDARICUS
701 1039 827 1123 HAN
861 1038 967 1127 SEU
993 1041 1244 1127 GALLUS.

382 1276 511 1363 Atine
554 1270 689 1384 gallus
725 1269 1014 1386 gallinaceus,
1048 1272 1295 1387 Ingoistadii

413 1392 524 1503 apud
540 1399 717 1479 Bavaros
739 1411 861 1478 natur
875 1394 897 1509 (
907 1423 918 1478 r
934 1395 1037 1506 29),
1059 1395 1160 1479 civis
1174 1390 1299 1477 Vien-

271 1514 404 1597 nensis
433 1511 565 1595 diuus
611 1513 910 1617 aparentibus
939 1540 990 1597 ex
1037 1512 1138 1596 urbe
1172 1510 1302 1596 Vien-

266 1630 381 1715 ueusr
407 1623 575 1715 fortasse
601 1628 815 1713 oriundis.
844 1634 968 1715 Hunc
1002 1622 1203 1714 aurifabri
1230 1652 1299 1711 ar·

267 1769 358 1835 tem
405 1747 590 1856 primum
625 1742 894 1843 exercuisse,
943 1765 1014 1832 aut
1054 1748 1298 1831 chartarum

264 1867 520 1953 iusoriaruru
569 1861 777 1949 artificem
811 1857 926 1948 fuifle
968 1857 1193 1974 suspicatus
1240 1860 1301 1945 est
1420 1877 1422 1882 ’

266 1990 321 2070 D.
347 1986 565 2068 Meerman
594 1980 757 2093 (130).
785 1983 823 2063 ic
856 2009 958 2067 vero
986 2000 1122 2065 artem
1153 1980 1299 2089 Typo-

269 2104 516 2216 graphicum
539 2098 649 2210 apud
677 2094 983 2212 scaoafferum,
1011 2116 1083 2183 aut
1106 2099 1300 2181 Guttam.

264 2222 371 2330 berg
405 2219 575 2304 cdodtus
595 2216 838 2302 Romanum
873 2218 956 2302 iter
983 2211 1191 2330 aggressus
1238 2213 1299 2299 est

263 2342 387 2448 hujus
436 2335 536 2420 artis
578 2335 843 2419 exercendae
892 2330 1050 2422 caussa.
1090 2335 1155 2415 An
1189 2357 1294 2416 vero

263 2454 545 2566 Argentorati
571 2449 732 2561 aliquid
777 2452 891 2562 typis
929 2472 1052 2536 autea
1093 2448 1294 2547 dederit,

263 2596 311 2661 ut
339 2571 497 2682 placuit
542 2568 773 2679 Kleffekero
804 2568 971 2683 (131),
1004 2596 1054 2651 an
1088 2566 1217 2649 etiarn
1249 2566 1296 2649 id

262 2693 304 2775 iu
328 2688 424 2774 ‘aliia
451 2686 600 2772 ltaliae
627 2688 796 2772 urbibus
825 2683 1093 2796 praestiterit
1120 2737 1133 2783 ,
1167 2702 1214 2815 ut
1247 2713 1296 2769 ο.

1176 2826 1294 2907 pina-

314 2997 374 3079 (12
380 2992 420 3075 9)
445 2972 495 3054 Ita
519 2985 549 3053 se
571 2983 709 3077 appellat
730 2992 763 3055 in
790 2992 882 3058 variis
908 2993 1063 3056 librorum
1085 3012 1103 3052 a
1122 2989 1152 3054 se
1178 2991 1287 3056 edito-

264 3083 641 3261 ermanslrlrbsirigtsionibus
666 3129 679 3164 ,
709 3111 739 3153 v.
764 3112 796 3179 g.
829 3092 1054 3159 laureatum
1086 3085 1284 3217 JUdTiNIA-

313 3289 414 3371 (130)
443 3286 561 3368 Origin-
585 3283 768 3371 Typograph.
790 3286 880 3352 Part.
894 3286 935 3352 Il·
961 3303 1026 3372 cap·
1038 3289 1094 3353 IX·
1117 3306 1155 3348 ea
1183 3286 1295 3350 dubus
1340 3303 1344 3310 ·
1469 3283 1473 3292 “

264 3383 417 3456 ratione,
445 3382 533 3464 quod
558 3378 647 3445 iilius
672 3383 796 3469 generis
819 3383 951 3469 opifices
979 3400 1055 3447 tunc
1079 3381 1234 3468 temporis
1258 3385 1294 3447 iu

265 3477 437 3543 Germania
463 3478 655 3542 conficerent
689 3479 804 3567 figuras
837 3481 937 3560 ejusd.
976 3478 1124 3567 generis,
1156 3502 1291 3566 acquae

263 3574 436 3666 ULRICUS
469 3574 574 3638 edidit
589 3574 620 3637 in
635 3574 718 3640 libro
736 3578 831 3642 Card.
848 3579 888 3641 de
902 3574 1261 3641 TURRECREMATA
1276 3624 1286 3642 .

272 3694 276 3702 ·
309 3674 410 3760 (¹3¹)
435 3671 528 3758 Apud
543 3672 706 3739 vouffll
719 3680 905 3748 Mona-mant.
934 3672 1119 3765 Typograph.
1149 3674 1230 3742 Tora.
1252 3677 1279 3740 Ι.

256 3783 324 3859 pag.
354 3789 456 3854 ¹034·
