3117 4709
488 287 704 362 eunus
733 288 1060 391 Qstusuu
1108 269 1110 274 ’
1218 313 1291 393 '107

258 550 484 650 tervallo,
523 579 648 663 quain
683 580 759 661 pro
789 550 1080 659 imprimendo
1110 553 1290 661 opuscu-
1413 647 1415 651 ¹
1457 509 1459 514 Ι

259 670 306 755 lo
333 666 595 782 epistolarum
619 666 923 779 familiarium
962 669 1202 754 Ciceronis.

322 784 608 872 Nihilominus
633 786 859 871 Udalriens
878 787 1095 897 augendae
1111 787 1288 900 gloriae,

260 903 521 992 &fortunae
550 907 722 1015 magis,
758 932 885 1017 quain
927 902 1198 1011 repellendae
1224 906 1288 988 in·

259 1025 400 1110 vidiae
427 1018 658 1121 sollicitus,
685 1043 802 1106 totus
828 1019 905 1106 fuit
936 1024 988 1106 ab
1013 1027 1092 1108 hoc
1115 1051 1224 1108 anno
1244 1025 1288 1108 in

258 1139 454 1253 parandis
485 1140 824 1239 characteribus,
854 1140 914 1224 ita
941 1159 985 1224 ut
1008 1161 1189 1252 quatuor
1212 1144 1290 1226 ho·-

260 1289 356 1344 sum
388 1255 543 1368 species
575 1255 667 1342 solo
696 1256 865 1341 biennio
895 1259 1166 1370 prodierint.
1200 1259 1290 1342 Sin

262 1376 431 1490 gulates
470 1374 641 1489 quidem
682 1374 801 1461 fuere
832 1378 990 1484 priores
1037 1374 1174 1476 duae,
1209 1403 1289 1460 una

260 1523 341 1606 pro
371 1491 720 1577 meditationibus
751 1492 880 1577 Card.
912 1493 963 1576 de
990 1497 1290 1581 Turrtcromo·

258 1631 353 1711 to,
399 1612 492 1696 huic
541 1639 626 1722 quo
671 1606 843 1694 miffalia
880 1612 1067 1721 imprimi
1115 1610 1286 1714 solent,

258 1730 491 1817 chasadeti
524 1728 688 1814 ratione
717 1727 885 1843 majoris
913 1725 1076 1812 formae
1116 1728 1288 1839 hmilis3
1332 1787 1334 1792 .

258 1847 396 1933 altera
429 1875 530 1931 vero
555 1873 633 1957 pto
665 1848 773 1931 libro
804 1844 1013 1929 Ciceronis
1048 1843 1099 1928 de
1136 1852 1288 1929 Orato-

257 1994 338 2067 re,
376 1967 415 2048 dt
444 1960 528 2048 alio
558 1962 745 2074 ejusdem
773 1962 829 2047 de
854 1961 1028 2075 Officiis,
1062 1991 1168 2075 quae
1192 1982 1287 2049 etat

258 2111 308 2170 ex
342 2082 522 2180 nsinori,
567 2083 834 2196 tenuiorique
860 2084 1020 2165 huma·
1060 2079 1287 2192 Utriusque

257 2224 401 2286 autem
432 2217 614 2310 typum,
648 2229 695 2287 ac
726 2200 904 2311 liguram
935 2197 1102 2283 exhibet
1136 2196 1284 2284 secun·
1327 2266 1329 2270 ,

256 2318 312 2402 da
336 2318 499 2428 figura·
536 2323 591 2403 At
618 2312 909 2417 chamsteres,
947 2317 1088 2426 quiin
1133 2317 1252 2399 Ltott
1266 2370 1281 2418 ,

259 2441 299 2521 dt
332 2435 583 2532 Plutarchi,
613 2435 684 2518 alii
716 2463 845 2531 vern,
883 2435 1027 2548 quiin
1061 2436 1279 2534 Suetonii,
1393 2477 1395 2482 ·

257 2559 299 2641 dt
334 2554 610 2665 Quintiliani
645 2551 901 2638 editionibus
924 2549 1102 2635 adhibiti
1133 2544 1279 2651 luere,

257 2700 362 2762 unus
393 2669 595 2782 majoris,
626 2671 734 2756 alter
767 2699 867 2757 vero
896 2670 1057 2753 formae
1081 2668 1281 2769 minoris,

223 2862 229 2870 .
259 2794 313 2877 de
352 2787 563 2899 elegantia
591 2846 608 2890 ,
638 2783 877 2900 formaeque
913 2781 1282 2899 pulchritudine,

258 2907 526 2995 contendunt
554 2934 652 2991 cusu
678 2903 769 2989 aliis
795 2901 1047 3017 quibuslibet
1069 2905 1284 2988 charaete·

257 3026 369 3112 ribus
396 3026 447 3110 ab
474 3047 572 3110 ortu
602 3026 928 3134 Typogsaphiae
961 3020 1015 3105 ad
1048 3021 1186 3104 nostia
1214 3016 1282 3105 ul·

257 3173 340 3257 que
375 3160 570 3254 tempora
596 3140 785 3227 usitatis.

271 3291 275 3296 ·
317 3258 542 3346 Udolricus
581 3277 721 3343 tamen
747 3258 878 3344 trium
908 3277 1115 3360 annorum
1148 3250 1283 3364 spatio

253 3380 496 3464 innumeros
537 3380 721 3464 Codices
772 3376 849 3460 suis
894 3379 1004 3487 typis
1042 3372 1280 3484 vulgavit3
1405 3431 1407 3438 ·

254 3494 358 3583 sicut
381 3500 515 3582 -Porte
544 3502 600 3580 ll.
644 3493 765 3607 hujus
802 3495 939 3603 operis
975 3482 1277 3589 exhibebitur,

256 3615 460 3727 quamdiu
484 3614 642 3707 scilicet
658 3643 757 3707 cum
784 3616 1000 3725 Campona·
1019 3603 1281 3705 solstitiani

898 3771 913 3779 -·
1228 3749 1280 3807 ac
