3117 4709
441 389 690 472 ..aaron
732 398 1097 479 secunaum
1256 426 1305 502 57

263 674 497 774 usuvenit,
531 675 661 786 posset
700 673 931 787 suspicari.
978 683 1185 767 Ceterum
1228 711 1302 770 va-

261 796 419 880 riantes
461 790 701 892 lectiones,
749 820 851 905 quas
896 814 1114 906 tamquam
1160 822 1300 888 extra-

261 917 349 1011 ctas
382 937 432 995 ex
469 910 659 998 editione
684 911 781 994 anni
814 914 940 1019 1465.
972 911 1170 1026 supponit
1206 921 1299 1003 Sal-

215 1037 219 1042 ’
260 1055 443 1129 maras,
479 1028 651 1115 eaedem
673 1028 848 1113 omnino
870 1031 991 1131 sunt,
1028 1061 1091 1118 ac
1126 1040 1300 1147 quaein

259 1147 452 1235 editione
470 1141 769 1232 Mediolanenfi
794 1148 890 1230 anni
918 1177 998 1258 ¹4⁷
1005 1181 1045 1252 5.
1067 1149 1295 1263 leguntur.

323 1269 546 1351 Praeterea
567 1262 704 1350 nullus
749 1281 892 1351 certae
917 1267 1017 1353 fidei
1035 1271 1170 1353 codex
1199 1300 1296 1360 cum

259 1386 359 1471 anni
384 1403 487 1470 nota
524 1380 757 1467 Mediolani
783 1382 920 1466 editus
963 1386 1154 1493 apparuit
1196 1411 1296 1476 ante

258 1531 354 1588 ann.
381 1525 505 1609 1470.
530 1502 658 1620 Qtod
686 1501 797 1585 enim
823 1498 876 1583 de
916 1504 1131 1602 Aratea»,
1164 1520 1220 1597 tr
1252 1536 1291 1591 t·

248 1619 423 1734 pistolis
449 1619 686 1731 illustrium
714 1619 1176 1731 airrramann01469.
1197 1626 1293 1708 Mr-

260 1738 428 1823 dialani
456 1733 649 1849 imprtffls
678 1736 823 1846 scribit
842 1741 1027 1838 Sarius,
1056 1739 1294 1830 fabulosum

248 1860 315 1949 ‘est
344 1858 475 1971 (88).
500 1852 673 1964 Insuper
692 1852 931 1965 Philetplas
956 1854 1190 1943 Mediolani
1215 1862 1295 1947 de.

1162 2005 1288 2089 gens,

256 2210 360 2277 stabat
396 2206 529 2294 quidam
559 2202 688 2266 natione
722 2198 859 2275 Italus,
895 2199 1083 2290 cognomine
1116 2200 1284 2284 LAVINI,

255 2307 401 2397 apprime
428 2302 484 2368 hac
499 2303 533 2365 in
555 2320 589 2365 re
605 2297 782 2372 eruditur,
807 2299 860 2363 sed
883 2299 1055 2363 Sabandiae
1080 2298 1151 2365 Rex
1177 2288 1287 2390 paullo

257 2406 325 2496 post
350 2401 450 2492 ipsunt
473 2415 629 2486 perpetuo
658 2415 782 2462 carcere
811 2396 1029 2483 mancipavit.

304 2505 384 2593 (88)
410 2498 555 2566 Aratoris
589 2492 776 2560 subdiaconi
811 2495 912 2579 poesis
941 2496 983 2561 de
1010 2495 1179 2587 infignibus
1201 2504 1288 2593 Apo·

254 2601 407 2669 stolorum
443 2595 573 2662 unibus
596 2594 690 2679 impr.
711 2590 888 2656 Mediolani
915 2600 1019 2673 1469.
1052 2617 1114 2662 non
1141 2597 1287 2664 exsisten.

254 2702 301 2768 tia
323 2699 418 2765 facile
452 2690 596 2760 constat.
622 2692 704 2755 Pons
730 2693 838 2778 enim,
861 2692 943 2755 unde
974 2712 1055 2778 opus
1080 2695 1160 2758 illud
1186 2694 1286 2761 bausit

257 2799 423 2873 ςΑΧΙυε,
447 2790 492 2861 est
515 2790 615 2856 index
642 2786 1072 2873 Bibliothecae-'llarberinae
1108 2794 1191 2857 curis
1217 2796 1285 2858 LU-

256 2899 342 2964 GAE
370 2889 602 2959 HOLSTENII
626 2886 792 2976 dispositus
819 2885 913 2951 Tam.
937 2887 987 2964 1.,
1013 2891 1047 2954 in
1067 2912 1133 2978 quo
1155 2892 1201 2954 ita
1227 2894 1286 2957 rei·

257 2994 308 3083 psa
328 2992 558 3056 annuntiatur.
582 2988 664 3051 Cum
691 3001 802 3051 autem
822 3006 882 3072 ope
910 2986 996 3051 illius
1023 2989 1137 3053 indicis
1161 2988 1284 3053 librum

241 3092 287 3156 io
307 3086 506 3154 Bibliotheca
526 3085 743 3172 perquirerent
763 3129 775 3158 ,
803 3086 963 3150 auftorem
979 3082 1059 3151 hunc
1083 3087 1186 3173 reperi
1206 3087 1282 3176 qui-

256 3191 356 3264 dem,
383 3187 435 3255 sed
457 3180 634 3271 impressum
656 3181 832 3246 Mediolani
853 3183 885 3245 in
903 3193 936 3247 8.
960 3202 1043 3248 anno
1060 3193 1192 3262 ¹569·2
1219 3204 1282 3248 non

255 3308 332 3353 reto
363 3294 467 3365 1469.
492 3284 574 3346 Hinc
601 3280 739 3346 radicula
765 3278 845 3343 mihi
867 3279 996 3347 videtur
1021 3278 1147 3346 assertio
1172 3288 1280 3348 andlo-

253 3383 297 3450 rit
317 3388 441 3454 Hisiar.
468 3385 639 3450 litterariae
665 3381 788 3446 Italicae
810 3379 902 3465 impr.
921 3382 1063 3447 Matinae
1083 3401 1158 3447 anno
1179 3402 1241 3459 ¹77
1248 3400 1279 3462 3.

254 3480 347 3548 Toni.
380 3481 440 3546 ΙΙΙ.
475 3502 546 3567 pag.
578 3488 685 3562 ζόῃ,
711 3476 766 3540 ubi
799 3476 883 3541 inter
912 3478 1069 3565 principes
1092 3477 1276 3551 editiones,

255 3583 372 3669 quibus
399 3578 471 3644 usus
501 3575 544 3642 est
567 3578 601 3642 in
624 3576 679 3642 suo
708 3577 891 3638 adornando
916 3594 1040 3662 opere,
1065 3575 1139 3640 banc
1161 3576 1280 3664 allegat

243 3678 402 3763 ‘Aratorir
435 3676 613 3742 editionem
635 3671 903 3739 Mediolanensem
930 3677 1001 3740 anni
1033 3684 1137 3757 1469.
1160 3676 1281 3739 Pariter

210 3864 214 3878 ι
252 3774 428 3846 autentu
462 3772 619 3866 epistolar.
660 3768 772 3842 illustr.
807 3772 948 3849 uirorum
980 3796 1062 3852 anno
1089 3783 1193 3857 14⁶9·
1213 3772 1283 3836 Me·

412 3910 414 3914 -
1208 3870 1280 3938 dio·

1390 3950 1486 4257 t
