3117 4709
170 674 374 771 fuerant,
409 670 513 757 licet
544 695 627 757 nou
673 667 918 785 inelegans,
953 674 1103 763 oculos
1138 698 1205 767 ta*

169 811 269 880 t'nen
295 787 369 876 suo
397 790 538 875 nitore
572 817 654 876 non
688 789 785 877 satis
813 789 1084 883 delectabat.

188 921 191 928 '
234 907 505 996 Recentioris
539 909 671 1023 igitur
709 912 960 996 characteris
989 912 1212 1025 elegantia,

168 1023 256 1118 sub'
276 1026 405 1115 finem
433 1026 529 1111 anni
558 1028 716 1138 1466.,
749 1052 820 1115 aut
842 1032 1017 1116 ineunte
1041 1033 1199 1141 1467.,

170 1148 226 1234 ad
251 1175 349 1234 euru
378 1148 581 1260 perducta
606 1146 667 1231 est'
690 1144 900 1258 gradum,
933 1148 1203 1263 vulgatisque

169 1289 248 1380 per
279 1268 428 1352 urbem
457 1264 582 1350 variis
616 1261 923 1373 exemplaribus
956 1267 1198 1371 librorum,

171 1379 277 1500 quus
308 1386 350 1467 in
384 1382 565 1469 sublaco
587 1380 840 1485 ediderant,
873 1385 934 1469 ita
970 1382 1204 1489 inclaruit,

170 1525 218 1589 ut
239 1500 417 1588 illustret
434 1505 732 1619 MaecenateS,
765 1501 873 1588 duos
895 1504 1039 1616 magni
1068 1504 1203 1590 nomi·

169 1621 233 1705 nis
259 1618 433 1707 Fratres
461 1616 511 1702 dr
542 1617 749 1702 Maximis
780 1616 855 1705 srbi
882 1618 1007 1707 facile
1028 1641 1204 1732 compa·

169 1738 385 1825 raverint.
416 1742 494 1825 Par
535 1731 678 1820 nobile
723 1734 904 1824 fratrum
950 1742 1130 1838 Petrus,
1163 1742 1204 1823 dt
1248 1754 1250 1759 '

168 1852 415 1967 Franciscur
436 1854 486 1937 dr
514 1851 718 1936 Maximis
746 1852 789 1936 in
818 1854 896 1941 suis
923 1856 1094 1942 aedibus
1112 1856 1206 1966 Ty-

168 1976 401 2087 pographis
435 1966 786 2070 Sublacensrbus,
818 1975 857 2055 ἃ
902 1974 1205 2085 Typographi·

169 2119 246 2179 cae
281 2092 363 2175 arti
392 2088 619 2201 hospitium
646 2088 908 2178 co'nceffere.
942 2095 1030 2175 Hos
1058 2110 1204 2179 autern

169 2211 483 2321 Typographos
517 2204 701 2291 invidiae
744 2206 882 2295 animo
922 2209 966 2291 in
1012 2208 1204 2296 Ulrt‘cunr

170 2328 380 2413 excitatos
422 2330 598 2412 Romam
636 2323 871 2436 properaffe
909 2321 1035 2414 facile
1065 2328 1206 2413 credi·

169 2444 349 2543 derint,
382 2442 529 2530 duetus
569 2440 811 2551 praesertim
848 2444 925 2529 hac
953 2471 1102 2533 eorum
1141 2447 1207 2531 iu·

168 2561 379 2675 posterum
408 2588 507 2670 erga
531 2557 666 2671 ipsum
700 2560 855 2672 agendi
885 2562 1077 2649 ratione.
1111 2566 1205 2651 Ne·

170 2707 254 2793 que
285 2677 395 2763 enirn
427 2680 638 2791 patienter
668 2670 861 2763 ferebant
893 2676 1083 2765 Ulrr'cum
1113 2681 1204 2767 Ro-

169 2821 265 2881 mae
309 2791 423 2881 fuiiie
469 2796 654 2907 primurn
688 2796 1018 2906 Typographiae
1060 2801 1204 2885 audo·

171 2919 265 3001 r'ern
291 2945 307 3025 3
341 2910 620 3023 fortunaeque
656 2907 786 3013 suae,
815 2939 863 3027 ac
891 2904 1028 3001 fatuae
1053 2916 1204 3003 consu·

119 3119 122 3128 ,
167 3031 306 3118 lentes
336 3028 520 3117 diversos
561 3026 690 3112 libros
718 3058 740 3111 a
768 3030 809 3113 se
833 3030 1000 3116 Subiaci
1029 3034 1200 3137 editos,

169 3152 210 3237 δι
242 3149 283 3231 in
320 3150 421 3236 urbe
452 3144 540 3262 jaan
565 3145 764 3257 vulgatos
796 3144 868 3232 fibi
897 3148 1199 3255 vindicarunt,

168 3265 335 3379 aliaque
359 3292 487 3374 opera
518 3266 787 3363 charactere,
815 3266 854 3347 dt
876 3260 1012 3353 forma
1036 3266 1202 3379 elegan-

168 3385 271 3469 tiori
303 3383 346 3465 in
374 3384 483 3468 hunc
517 3383 645 3467 finem
674 3381 965 3469 meditantes.
993 3387 1200 3503 Qanrvis

168 3528 279 3585 anno
302 3502 428 3609 1467.
459 3501 511 3583 in.
532 3497 721 3586 editione
744 3503 788 3582 S.
805 3497 1034 3610 Augustini
1050 3502 1198 3589 eodem

89 3631 92 3642 '
167 3618 226 3703 usr
249 3616 326 3704 fint
352 3623 621 3720 charactere,
654 3616 769 3731 quod
792 3617 835 3701 in
867 3617 1089 3704 Ladantr‘r‘
1114 3622 1201 3705 edi.

169 3737 288 3823 tione
305 3735 617 3836 adhibuerant,
645 3752 789 3820 tamen
818 3755 938 3825 tauta
958 3739 1204 3851 praecipita·

660 3854 752 3937 Ea
853 3886 855 3889 ·
1118 3857 1201 3942 tio·

1307 3955 1402 4267 i
