3117 4709
209 378 259 452 42
366 351 436 426 ua:
459 339 828 419 auronunrnrn·
850 340 1072 428 nonunt

206 472 1236 528 ω

211 601 325 689 fuiiie
351 600 627 715 Jensaniam,
663 618 707 685 ut
748 599 1135 714 Typographicatn'
1169 627 1238 683 ar·

214 743 304 808 tem
334 721 449 832 regia
483 715 970 818 liberalitateedoatus,
998 721 1103 802 hanc
1151 718 1239 800 Ve-

212 840 335 924 neriis
361 835 591 923 tentandae
617 825 813 920 fortunae
841 833 971 918 carrlia
991 835 1239 932 invexerit,

214 954 495 1069 praetermiiia
536 952 718 1068 patria,
752 954 801 1034 1&
843 951 995 1066 absque
1038 979 1090 1037 eo
1123 947 1242 1061 quod

214 1067 358 1158 niedia
397 1068 647 1185 quaesiverit
685 1124 699 1169 ,
745 1071 893 1181 quibus
942 1091 1080 1156 artent
1123 1069 1243 1155 suam
1300 1167 1307 1176 ,

76 1275 78 1284 ,
214 1190 374 1302 primus
404 1187 513 1301 apud
546 1181 637 1271 suos
669 1188 932 1299 experiretur
960 1188 1093 1302 (66).

1130 1305 1245 1390 Tan·

228 1563 233 1570 “
269 1563 348 1654 (66)
373 1561 440 1626 Hae
455 1562 616 1628 occasrone
637 1560 828 1633 JENSONII
854 1560 952 1626 vitam
964 1607 977 1638 ,
999 1562 1176 1652 agendique
1194 1583 1242 1626 ra-

221 1665 346 1730 tionem
367 1660 558 1747 inquiramus
578 1663 684 1747 quoad
706 1677 808 1723 artem
836 1657 1144 1747 Typographicam.
1176 1659 1240 1723 NI·

214 1758 383 1829 COLAUS
403 1757 450 1821 rei
471 1758 664 1823 monetariae
683 1758 767 1844 apud
791 1754 987 1826 Turonenies
1013 1758 1136 1843 peritus
1161 1758 1240 1822 arti·

222 1864 277 1926 fex
298 1855 381 1920 circa
401 1855 543 1920 medium
566 1855 636 1919 XV.
666 1855 779 1921 saeculi
803 1899 815 1930 ‚
846 1850 949 1918 miffus
972 1853 1016 1920 est
1040 1855 1242 1944 Moguntiant

222 1983 241 2023 a
270 1951 495 2026 LUDOVICO
518 1953 575 2017 XI.
613 1952 788 2017 Galliarum
820 1950 907 2038 Rege
933 1997 944 2027 ,
977 1955 1034 2040 qui
1060 1953 1242 2018 Turonibua

223 2055 330 2120 sedem
365 2050 450 2117 suam
464 2095 477 2125 ,
503 2049 667 2135 aulamque
696 2053 839 2113 fixerat·
869 2048 960 2112 Circa
993 2072 1108 2114 annum
1138 2059 1250 2125 146ae

223 2155 259 2218 in
277 2149 478 2212 Germaniam
498 2148 654 2232 professus
676 2144 719 2212 est
746 2143 902 2215 JENSON
924 2145 1163 2237 Typographiae
1189 2148 1243 2214 di·

224 2247 354 2313 scendae
375 2239 502 2317 cauffa,
529 2263 621 2328 quam
654 2243 707 2306 nbi
730 2244 859 2307 edoitus
887 2242 976 2318 fuit,
1003 2249 1042 2310 ad
1067 2246 1157 2311 fuum
1176 2247 1243 2312 Re·

225 2364 296 2437 gem
322 2342 418 2405 rediit
440 2344 579 2426 (atquo
603 2360 684 2404 anno
708 2339 864 2405 incertum
888 2344 903 2424 ,i
930 2340 998 2407 suae
1023 2343 1156 2429 peritiae
1191 2364 1248 2410 ex·

228 2440 403 2532 perimenta
429 2439 562 2501 facturus
572 2459 584 2516 3
612 2436 756 2502 sedeunt
789 2460 918 2529 regnum
945 2439 1067 2505 Galliae
1102 2441 1142 2505 iis
1163 2429 1265 2508 tem-⁴

229 2538 361 2628 poribus
395 2525 516 2608 beltis‚'
546 2532 761 2623 intestinisque
793 2535 921 2600 diffidiis
955 2539 1039 2602 foret
1068 2539 1249 2627 agitatum,

229 2637 302 2702 Rex
325 2630 561 2697 constituendae
602 2629 842 2721 Typographiae
871 2634 1064 2719 propositum
1099 2638 1247 2717 abjecit.

229 2736 320 2827 Qae
341 2752 413 2793 cum
435 2730 482 2793 ita
512 2728 572 2792 sant
595 2775 606 2805 ,
629 2731 793 2794 immerito
820 2729 944 2817 prorsus
976 2735 1054 2797 artis
1081 2734 1247 2826 Typogra.

229 2830 338 2921 phicae
361 2828 481 2916 primus
500 2831 607 2892 auiior
627 2828 660 2891 in
681 2827 784 2890 Gallia
801 2825 1021 2898 JENSONIUS
1043 2834 1244 2918 praedicatur

229 2924 374 2991 a'muitis
391 2925 617 3011 scriptoribus,
633 2925 715 3013 quos
727 2926 868 2991 recenset
879 2925 1110 2992 WOLFFIUS.
1132 2931 1244 3019 Neque

229 3025 327 3091 etiam
350 3021 543 3094 JENSONII
562 3024 649 3108 typis
675 3025 863 3090 tribuendus
889 3020 932 3089 est
953 3024 1078 3089 libellus
1101 3027 1201 3094 Floril
1216 3037 1249 3097 de

230 3126 378 3192 autoribus
408 3123 556 3196 Camilli,
583 3116 619 3189 (τ
655 3126 803 3195 Aemiliae
840 3123 1007 3189 Turanibus
1048 3128 1140 3191 editas
1173 3149 1249 3196 aaaa

234 3217 634 3305 1467.‚quandoquident
656 3222 848 3285 contrarium
865 3219 1089 3285 demonstravit
1112 3223 1159 3286 D.
1170 3225 1249 3289 DE·

230 3317 525 3383 PONCEMAGNE
560 3318 592 3379 in
625 3315 733 3391 libro,
768 3320 819 3404 cu'i
858 3317 1003 3382 titulus:
1028 3323 1185 3391 ailemaires
1215 3328 1249 3392 Ae

229 3417 406 3488 l'Academie
435 3416 514 3481 Tam.
532 3411 583 3484 IV.
603 3418 636 3482 de
650 3405 813 3483 l'Hiflotre
829 3415 909 3478 edit.
923 3415 957 3477 in
977 3438 1030 3479 12.
1053 3440 1122 3505 pag.
1136 3441 1244 3500 490„

229 3512 262 3577 δι
289 3513 446 3575 recentius
475 3512 670 3577 confirmavit
692 3514 797 3577 Abbas
822 3512 884 3574 DE
903 3509 1027 3575 SAINT
1044 3513 1190 3579 LEGER
1213 3517 1247 3581 iu

227 3627 347 3694 opere:
374 3607 575 3696 Supplamtrrtr
598 3635 618 3676 a
637 3611 782 3677 l'lifialra
795 3609 1049 3697 daul’iaprrimeria
1072 3618 1105 3679 la
1123 3613 1246 3680 PROS-

226 3705 309 3772 PER
332 3705 602 3784 ΜΑΚΟΗΑΝΙ),
624 3708 746 3797 Paalfils
777 3705 870 3774 edito
899 3728 970 3776 ann.
1004 3731 1105 3791 ¹775·
1142 3712 1176 3776 in
1212 3739 1247 3785 4·

1170 3830 1241 3899 1³28·
