3117 4709
407 417 439 489 X
469 417 515 486 V.
569 421 592 490 8
620 417 695 488 ΑΕ
728 418 761 489 C
787 421 822 490 U
852 421 877 492 b
906 424 923 496 1

168 551 1182 615 ,

157 683 273 769 stolis
312 688 407 798 Joh·
435 686 658 786 Andreae,
700 690 740 772 dt
774 689 963 779 Martiae
995 691 1195 776 Ptirnerii

158 803 215 887 ad
250 805 429 889 Paulum
458 807 516 887 11.

280 917 445 1035 Aspicis
475 914 652 1028 illustris
686 923 831 1009 iiiior
861 932 953 1015 &u

342 1092 624 1123 ........
637 1042 908 1127 contribuere
931 1042 1131 1129 domum.

160 1160 590 1245 M-CCCCLXX1.in
623 1152 698 1241 sol.
732 1161 859 1244 Tonri
890 1161 1009 1246 duo·
1039 1163 1117 1277 (a)

631 1279 664 1361 L
697 1287 721 1359 u'
1049 1285 1194 1366 S·Cr·

178 1440 1189 1488 --.-.......Γ.......,,,,,.,,

160 1563 229 1613 tres
248 1554 277 1614 S.
304 1551 420 1617 Mariae
444 1555 484 1617 de
509 1552 660 1636 Populo,
685 1552 718 1615 δε
757 1556 840 1639 apud
877 1553 988 1618 Patres
1013 1552 1195 1639 Congrege-

161 1646 263 1710 tionis
296 1650 332 1712 B.
352 1649 439 1714 Petri
464 1648 564 1714 Pisani
588 1653 629 1715 ad
660 1653 691 1713 S.
717 1650 916 1738 Onupbriurn
945 1673 956 1732 ς
982 1649 1194 1718 Homilierum

162 1765 241 1809 vero
263 1747 362 1812 exstat
384 1768 478 1813 unum
492 1769 620 1837 quoque
643 1746 674 1810 in
687 1747 882 1816 casanatensi
910 1746 1135 1813 Bibliotheca.

212 1844 316 1910 Locus
336 1842 386 1911 hic
416 1841 493 1912 esset
527 1844 684 1912 referendi
716 1846 893 1912 innumeras
918 1845 1004 1930 quast
1031 1843 1193 1910 editiones

160 1963 180 2023 p
211 1940 342 2011 laudato
370 1942 583 2034 Typogrnpho
605 1943 637 2007 in
663 1944 825 2026 praeditio
860 1939 1054 2006 Monasterio
1081 1937 1189 2026 vulga-

161 2056 213 2102 tas
227 2082 239 2113 ,
264 2038 476 2128 dirigentibus
497 2042 602 2126 praela
635 2037 860 2106 POMPONIO
888 2036 1034 2107 LAETO
1055 2081 1067 2112 ,
1092 2035 1193 2098 BAR-

164 2135 444 2207 THOLOMAEO
464 2138 671 2211 PLATINA,
697 2137 831 2224 aliisque
856 2136 1024 2216 eruditis3
1059 2134 1098 2198 ab
1131 2130 1193 2196 hoc

164 2235 248 2298 enirn
274 2255 355 2300 arrno
379 2235 538 2323 usquead
568 2260 670 2314 1472·
705 2235 801 2302 multi
830 2237 976 2323 prodiere
1010 2232 1083 2303 iibri
1098 2253 1110 2310 3
1135 2228 1192 2295 sed

163 2331 238 2419 quia
265 2335 472 2421 praetermisit
499 2336 595 2399 iniis
617 2334 761 2403 omuibus
786 2334 940 2400 editionis
955 2352 1068 2400 annum
1080 2374 1092 2408 ,
1113 2327 1190 2394 ideo

162 2427 243 2517 ipsas
278 2435 319 2496 ad
352 2432 469 2499 incerti
501 2433 574 2499 anni
607 2429 787 2500 editionum
814 2432 954 2501 indicem
979 2447 1192 2496 revocamur·
1285 2504 1291 2514 .

212 2529 261 2614 (u)
286 2529 405 2594 Textui
428 2529 552 2599 Biblico
575 2530 826 2616 praemittuntur
850 2532 931 2593 duae
957 2524 1107 2612 epistolae
1124 2523 1194 2587 lau·

162 2627 282 2701 datae,
305 2648 385 2712 quae
415 2646 474 2693 una
502 2648 573 2689 curn
595 2623 715 2696 Aristeu
750 2622 944 2690 constituunt
963 2624 1058 2706 XIV.
1091 2620 1193 2685 sosia.

162 2723 339 2810 Utramque
384 2743 463 2789 vero
496 2723 659 2809 epistolam
695 2724 811 2791 retulit
849 2723 943 2786 Card.
977 2717 1193 2815 QJIRINIUS

162 2843 235 2908 pag.
261 2820 480 2902 123.Tonrus
504 2822 625 2908 primus
646 2820 837 2892 terminetur
861 2841 931 2887 cum.
956 2817 1110 2884 Pstlterio
1124 2810 1194 2880 abs·

163 2939 232 3005 que
255 2917 510 3005 subscriptione,
536 2919 570 2983 &
596 2917 750 2983 secundus
782 2917 896 3005 incipit
924 2939 997 2982 eum
1018 2911 1193 3003 praefatio-

162 3035 203 3079 ne
230 3015 273 3080 D.
301 3015 551 3082 HlERONYMI
580 3021 612 3082 iu
638 3018 732 3084 libror
763 3019 953 3090 Suioruonir,
979 3009 1013 3079 δι
1040 3009 1193 3077 termina·

161 3130 216 3176 tur
243 3135 315 3178 cum
343 3116 523 3201 Apocalypfi
537 3157 549 3188 ‚
573 3114 605 3178 &
634 3112 859 3200 subscriptione
885 3113 983 3182 relata
996 3154 1008 3185 ,
1034 3109 1067 3173 δι
1088 3105 1193 3198 sequi·

162 3224 218 3273 tur
245 3210 370 3298 insuper
395 3212 493 3276 index
514 3209 815 3298 interpretationum
841 3210 1068 3278 Hebraicorum
1092 3203 1196 3268 norni-

160 3328 261 3372 uunr.
285 3309 320 3372 Iu
346 3306 546 3374 Bibliotheca
574 3308 724 3374 Vaticana
750 3307 910 3396 reperitur
945 3325 1031 3370 nunt.
1052 3309 1133 3379 62„
1159 3299 1195 3364 δέ

166 3413 223 3485 ⁶3·
235 3449 247 3480 ,
269 3405 303 3469 δι
335 3406 367 3470 in
395 3405 566 3495 Angelica.
588 3404 778 3471 MATHIAS
803 3420 910 3470 autern
931 3401 1168 3467 PALMERIUS
1179 3441 1192 3473 ,

159 3502 218 3588 qui
245 3503 355 3568 medio
379 3502 507 3572 saeculo
528 3503 599 3573 XV.
629 3506 769 3580 floruit,
797 3519 864 3568 eret
891 3500 1126 3573 Abbreviaror‚
1157 3494 1192 3560 δι

160 3601 357 3666 Secretarius
385 3600 595 3673 Pontificius,
623 3603 662 3665 de
691 3623 756 3689 quo
783 3599 857 3665 vide
874 3592 993 3663 clariss.
1011 3591 1194 3663 nonnul-

158 3695 265 3758 CIVM
301 3702 346 3765 De
381 3701 472 3766 claris
501 3699 730 3787 pontificorum
764 3700 950 3784 epistolarum
983 3697 1191 3783 Scriptoribu'r

163 3796 387 3878 impositure
413 3800 445 3862 iu
474 3804 506 3860 8.
531 3813 598 3885 pag.
622 3818 702 3862 κιο.
727 3795 824 3862 Obiit
846 3813 954 3862 tutem
982 3814 1064 3864 anno
1093 3796 1195 3872 1483.

161 3890 283 3955 aetatis
306 3893 378 3958 suae
404 3901 459 3957 60.
929 3893 931 3898 ’
