3117 4709
545 373 1130 470 xv.sntcts1.1‘
1229 401 1308 492 '137

284 523 1301 617 w

335 661 607 751 Pnurnncrsr
652 661 775 746 Vitae
809 664 993 750 virorum
1035 661 1253 766 illustrium
1284 693 1307 749 e

278 783 444 867 Graeco
477 781 518 865 in
550 775 913 866 Latinum-factae
953 810 977 864 a
1014 781 1135 866 variis
1164 787 1334 888 aucto»

277 893 430 998 ribus,
480 895 811 1011 recognoscente
859 903 1053 1014 Johanne
1116 902 1307 989 Antonio

227 1013 254 1022 ’“
272 1020 534 1130 Campano.

390 1134 528 1245 Anser
559 1133 735 1245 Tarpeii
780 1133 902 1248 caestor
929 1143 1019 1228 &a

389 1255 543 1336 Omm'a
565 1247 700 1332 vincit
734 1252 876 1339 homo.
908 1255 949 1337 in
979 1248 1058 1342 soi.
1094 1256 1186 1372 (i).

330 1370 435 1456 Ttrr
466 1374 581 1455 Ltvrr
618 1370 1108 1462 PataviniHissoriarum
1140 1379 1301 1462 Roma*

273 1515 421 1578 narum
447 1487 674 1585 Decades,
708 1491 747 1570 bc
774 1490 872 1574 libri
902 1545 917 1593 ,
957 1495 1028 1606 qui
1058 1493 1304 1693 supersutp.

1275 1637 1301 1694 n

268 1812 359 1904 ugr,
386 1811 419 1876 &
445 1813 582 1881 nurus.
617 1816 706 1903 opus
734 1793 949 1881 autunum
979 1817 1079 1882 nuos
1105 1820 1190 1894 nn,
1213 1818 1306 1883 uun

269 1930 379 1978 omues
414 1913 521 1977 colore
554 1915 650 1977 rubro
680 1915 941 2000 imprimuntur,
977 1913 1011 1977 δι
1033 1916 1068 1980 in
1096 1918 1157 1981 tine
1185 1916 1303 2005 iegitur

266 2011 396 2074 laudata
418 2008 606 2098 subscriptio
629 2009 744 2098 absque
771 2012 845 2077 anni
869 2027 972 2074 nota.
993 2012 1077 2076 Ante
1105 2027 1213 2078 autem
1234 2012 1303 2079 exi·

267 2125 336 2174 tum
360 2107 432 2170 anni
457 2127 559 2183 1470.
598 2107 656 2173 hoc
693 2106 843 2195 prodiisse
875 2112 971 2172 docet
1006 2109 1194 2197 subscriptio
1225 2109 1302 2180 affir-

266 2225 375 2280 mans,
415 2203 516 2291 ipsum
544 2203 631 2271 fuisse
665 2203 844 2293 impressum
869 2209 911 2270 de
935 2209 1084 2271 mandato
1122 2208 1301 2282 Anamis,

267 2304 324 2394 qui
351 2315 424 2367 ante
447 2303 570 2369 exitum
594 2303 667 2367 anni
692 2324 794 2382 1470.
823 2310 885 2384 jam
905 2299 1104 2371 excesserat.
1129 2305 1212 2369 Hinc
1232 2323 1301 2374 cor,-

265 2403 418 2494 rigendus·
457 2401 671 2466 FABRICIUS
713 2403 797 2468 Bibl.
832 2408 931 2477 med,
962 2402 998 2472 Θ
1027 2402 1102 2490 infr.
1130 2407 1201 2469 lat.
1228 2407 1301 2471 edit.

264 2497 553 2572 Patauinum.
581 2500 690 2566 dicens
715 2500 850 2585 primam
877 2496 967 2581 hujus
989 2496 1167 2567 editionem
1189 2502 1301 2565 fastam

214 2657 219 2663 .
264 2596 353 2664 tuiffe
378 2597 531 2666 Parium
552 2595 586 2659 in
610 2597 782 2684 Hispania.
809 2597 845 2660 Id
871 2598 903 2662 in
928 2599 1071 2663 editione
1094 2597 1151 2662 hac
1170 2598 1301 2686 singula..

264 2717 297 2764 re
315 2694 386 2769 est,
411 2698 498 2781 quod
510 2693 690 2759 observavit
712 2694 888 2759 DEBURE
914 2699 1059 2781 Bibliogr.
1083 2697 1215 2763 intructi.
1243 2719 1299 2768 nra,

260 2817 333 2864 mer.
353 2800 457 2874 5516.
484 2793 569 2858 inter
591 2791 782 2879 exemplaria
808 2836 821 2866 ,
860 2815 941 2880 quae
972 2793 1093 2856 Parisiis
1120 2794 1299 2868 tranavit,

261 2912 359 2958 onum
387 2885 474 2955 fuisse
499 2877 676 2977 impressum
698 2891 813 2976 partim
838 2891 872 2955 in
900 2890 1121 2966 membranis,
1153 2891 1297 2975 partim

264 2991 300 3056 in
321 2989 429 3056 charta
454 2990 641 3054 communi.

327 3091 370 3174 (i)
411 3086 495 3150 Huic
533 3084 652 3173 praeest
685 3083 876 3156 CAMPANI
903 3084 992 3173 epist.
1014 3088 1054 3150 ad
1074 3083 1206 3150 CARD.
1231 3087 1299 3151 PA·

259 3183 470 3260 PIENSEM,
496 3186 530 3250 δι
556 3188 671 3250 eodem
699 3186 806 3261 solio,
845 3184 897 3249 sed
924 3183 1033 3249 averso
1056 3184 1174 3273 legitur
1199 3186 1297 3249 index

257 3287 397 3352 vitarum
428 3289 642 3348 cumnomine
666 3284 902 3367 interpretum,
929 3282 962 3347 δι
985 3283 1065 3346 sosio
1092 3282 1234 3370 sequenti
1251 3283 1296 3349 so-

245 3382 317 3447 >lita
338 3381 551 3468 subscriptio,
580 3382 757 3448 nuliatenus
789 3402 865 3448 uero
892 3402 948 3446 nec
976 3380 1160 3467 inopere,
1190 3386 1300 3449 necin

258 3483 322 3545 fine
346 3478 480 3565 operis.
516 3481 608 3544 Hunc
633 3497 707 3544 ante
738 3499 852 3543 annum
874 3500 975 3557 1470.
1000 3475 1149 3565 prodiisse
1173 3524 1196 3555 ‚‚
1218 3483 1299 3548 srcut

257 3578 438 3664 superiores
480 3577 596 3663 (nulia
622 3579 739 3667 signata
765 3578 839 3640 anni
866 3579 967 3658 nora)
1004 3594 1129 3642 certum
1154 3576 1199 3643 est
1222 3603 1297 3665 pro·

256 3690 334 3764 pter
355 3678 500 3742 eamdem
524 3679 706 3742 rationem.
742 3673 854 3739 Exstat
872 3696 946 3739 vero
965 3676 998 3737 in
1013 3674 1211 3742 Bibliotheca
1222 3675 1296 3745 RR.

253 3774 320 3844 FP·
336 3779 493 3844 Araccaeis
507 3821 519 3851 ,
545 3798 625 3863 quae
650 3774 762 3841 mustis
786 3772 913 3837 aliunde
940 3771 1032 3853 hujus
1057 3777 1180 3861 generis
1215 3775 1300 3860 pori·-

253 3886 310 3937 tur
338 3873 503 3955 cimeliis,
528 3897 609 3965 quae
632 3877 770 3966 comiter
796 3876 937 3949 externis
973 3872 1274 3945 communicantur.
