3117 4709
500 306 711 383 corun
748 303 1056 412 eruruu
1221 334 1287 411 109
1366 267 1369 272 ’

265 453 1284 502 ω

255 579 387 668 Card.
419 579 470 663 de
505 584 853 672 Turrecremuta.
886 585 1079 695 Regisrri
1121 590 1289 672 charta.

256 732 353 789 rum
373 702 585 783 auctorem
603 693 704 782 fecit
727 699 862 808 ipsum
886 700 1104 783 Meerman
1118 702 1255 817 (136)
1270 759 1290 803 ,ι

256 849 386 933 quem
420 837 560 899 tamen
593 817 669 902 hac
702 816 743 896 in
785 842 829 900 re
872 816 1019 903 erralle
1054 818 1156 903 mihi
1189 848 1287 931 per-

258 936 416 1022 suadeo
436 930 594 1043 (137).
621 936 666 1015 ln
689 932 996 1043 exemplarium
1027 936 1286 1023 edendorum

222 1059 225 1067 '
256 1080 437 1141 numero
465 1050 633 1162 parcior
663 1049 797 1135 adhuc
831 1043 940 1148 fuir,
971 1080 1096 1165 quam
1127 1058 1288 1138 Conra-

253 1170 366 1272 dus,
401 1171 440 1252 &
471 1163 712 1276 Arnoldus3
746 1166 842 1250 hinc
878 1168 1055 1253 rariores
1077 1172 1169 1255 sunt
1193 1172 1284 1282 ejus

259 1290 503 1377 editiones.
536 1282 617 1369 Sed
655 1283 934 1395 negligentiae
977 1314 1069 1371 reus
1116 1284 1195 1373 fuit
1241 1290 1283 1373 in

228 1400 537 1516 praefigendo
571 1401 648 1486 suis
680 1400 935 1486 editionibus
978 1432 1122 1505 anno,
1166 1404 1283 1492 nullo

258 1527 371 1609 enim
408 1516 610 1605 laudabili
643 1521 775 1604 modo
813 1518 1002 1603 excusari
1033 1523 1168 1632 potest
1206 1526 1285 1608 hu.

257 1639 315 1752 jus
349 1637 567 1726 delectus.
602 1639 663 1720 De
690 1634 778 1749 ejus
817 1638 966 1720 mortis
996 1666 1105 1722 anno
1145 1637 1282 1728 altum

257 1758 315 1845 est
345 1758 454 1869 apud
490 1754 726 1862 Scriptores
756 1749 993 1836 silentium.
1023 1763 1115 1841 Hoc
1147 1786 1278 1842 unum

256 1878 446 1973 constat,
482 1870 593 1955 ultra
628 1895 776 1954 aunum
804 1873 929 1973 1478.
958 1871 1118 1960 nullam
1145 1873 1199 1959 de
1227 1904 1279 1960 eo

257 1993 401 2079 baberi
435 1988 725 2075 mentionem.

421 2226 800 2315 GEORGIUS
848 2228 1118 2314 LAVER.

388 2459 580 2576 Erbipoli
616 2464 726 2573 apud
758 2467 992 2551 Germanos
1035 2483 1154 2551 natus
1196 2496 1278 2552 una
1319 2443 1486 2588 μβ»

405 2611 500 2667 cum
536 2580 685 2665 ceteris
713 2584 807 2664 luae
846 2584 1025 2667 nationis
1059 2582 1277 2695 opificibus

254 2701 440 2785 Romam
472 2698 797 2810 Typograplriae
824 2696 1138 2786 transferendae
1165 2704 1277 2787 caul-

254 2813 294 2900 sa
322 2817 517 2929 appulit,
547 2842 621 2898 nec
651 2813 811 2898 tardius
833 2818 1003 2924 quidem
1024 2847 1132 2902 anno
1153 2822 1275 2931 ¹4⁶9·

255 2937 433 3025 ineunte
468 2935 579 3019 enim
622 2959 731 3017 anno
772 2956 895 3034 ¹470·
944 2937 1132 3042 praelum
1193 2937 1277 3047 jam

254 3052 435 3137 habebat
471 3051 715 3135 instructum
755 3049 796 3130 iu
832 3052 1079 3155 Monasterr'o
1116 3061 1162 3136 5.
1194 3059 1279 3138 Eu·

246 3166 388 3281 fabii,
421 3168 534 3255 unde
566 3165 824 3253 emerserunt
852 3168 1062 3255 innumeri
1088 3176 1276 3255 auctores

1167 3291 1276 3372 Poe·

299 3574 400 3658 (136)
427 3576 544 3661 Origin.
571 3571 757 3660 fypogrupb.
781 3567 870 3636 Part·
888 3567 915 3629 Ι.
940 3567 1018 3660 Cap..
1030 3560 1082 3632 IV·
1102 3579 1174 3652 pag.
1198 3570 1251 3639 76.

302 3672 403 3757 (¹3⁷)
426 3672 494 3741 lant
516 3669 599 3733 enim
621 3672 776 3756 reglflrunr
803 3661 884 3726 illud
906 3660 939 3723 iu
956 3660 1154 3726 editionibus
1168 3660 1272 3725 CON-

259 3765 386 3844 unul,
410 3767 444 3832 dc
465 3764 662 3833 ARNOLDI
687 3766 726 3829 ab
753 3782 836 3829 auno
860 3778 962 3837 1470.
987 3758 1116 3843 reperi.
